<?xml version="1.1"?>
<!-- NOTE: Any NULL bytes in requests and responses are preserved within this output, even though this strictly breaks the XML syntax. If your XML parser rejects the NULL bytes then you will need to remove or replace these bytes before parsing. Alternatively, you can use the option to base64-encode requests and responses. -->
<!DOCTYPE items [
<!ELEMENT items (item*)>
<!ATTLIST items burpVersion CDATA "">
<!ATTLIST items exportTime CDATA "">
<!ELEMENT item (time, url, host, port, protocol, method, path, extension, request, status, responselength, mimetype, response, comment)>
<!ELEMENT time (#PCDATA)>
<!ELEMENT url (#PCDATA)>
<!ELEMENT host (#PCDATA)>
<!ATTLIST host ip CDATA "">
<!ELEMENT port (#PCDATA)>
<!ELEMENT protocol (#PCDATA)>
<!ELEMENT method (#PCDATA)>
<!ELEMENT path (#PCDATA)>
<!ELEMENT extension (#PCDATA)>
<!ELEMENT request (#PCDATA)>
<!ATTLIST request base64 (true|false) "false">
<!ELEMENT status (#PCDATA)>
<!ELEMENT responselength (#PCDATA)>
<!ELEMENT mimetype (#PCDATA)>
<!ELEMENT response (#PCDATA)>
<!ATTLIST response base64 (true|false) "false">
<!ELEMENT comment (#PCDATA)>
]>
<items burpVersion="2025.1.4" exportTime="Fri Sep 05 15:08:08 CDT 2025">
  <item>
    <time>Fri Sep 05 13:48:02 CDT 2025</time>
    <url><![CDATA[https://dollarama.instacart.com/ahoy/visits]]></url>
    <host ip="104.18.37.17">dollarama.instacart.com</host>
    <port>443</port>
    <protocol>https</protocol>
    <method><![CDATA[POST]]></method>
    <path><![CDATA[/ahoy/visits]]></path>
    <extension>null</extension>
    <request base64="false"><![CDATA[POST /ahoy/visits HTTP/2
Host: dollarama.instacart.com
Cookie: ajs_anonymous_id=ea2155a8-97ff-4b0e-b45e-39cf0739f40e; fpc_bpm=6c408fe3-8b36-4eb3-845158ee784ea186; _gcl_au=1.1.2092369738.1757096439; _scid=fThUJkdGap-1v9ZjbqZqSXFNEKdvn5uL; _sctr=1%7C1757048400000; _ga_VL5WVTXMWP=GS2.1.s1757097305$o1$g1$t1757097519$j13$l0$h0; _ga=GA1.1.206219771.1757097305; _ga_TS6NTR6J66=GS2.1.s1757097305$o1$g0$t1757097308$j57$l0$h0; shoppers_instacart_session=ZjJBblo0ODN4cW9WTDRhYmZ1MTFiNUtKeiswKy9Pa1VITGFHUXJMK2ROemk0RDJtUUJTcUtJQi9kZzYrK3NVWms1VHpqaXNYSXJacHp0c3BSaWZ5S0FqMVZrdnVwTU9QbEVyNkYxTDJyazhtQWZ6cmdYSU1odkZORG1PZGI4eUoxZHpvL3dFRyttOUxjS0tMSlRsaER3PT0tLU9pRSs5RWJKRWovYTlUSkJIajcwWWc9PQ%3D%3D--a284366cb4b21bf28cb51803cf47037da3a143fd; _ga_7JY7T788PK=GS2.1.s1757097523$o1$g1$t1757097603$j60$l0$h0; forterToken=f7fe3fe0a0154968b2655c5e926e2edf_1757097973894__UDF43-m4_24ck_; _scid_r=jLhUJkdGap-1v9ZjbqZqSXFNEKdvn5uLKZ53jg; _uetsid=06cf2b608a8511f087a3e9c9c9f94d50; _uetvid=06cf13508a8511f0b6648300830ef8b5; ak_bmsc=64EA26AC6BF091BE885C0A4F5633250B~000000000000000000000000000000~YAAQJV+MT0qwkfGYAQAANH80Gx21L7tHqeiuJSuF9Dni/pya80jWfFjRYUU/zsVQyeCABF/tiD18jwvGPaONBIiLo61tmU3nRho3Eod1zWVyv286wJXHO/vTDq8GQt6IPesdnkbPyjeGU7HRu+OXCISpn+A2rXvCUUEm5z4E3JW4Zs7CgdU4m+nmi3zH9mKk+qLFAk9/UxJpy75IhyrlG/7Nphx8U6cP8RxbnVpDhI3DTKwUUfFJAQQJaAxQJ//UXGxlrVSyDlZV8Ri7/2YywI8q09JQsecJ5nVExyJD/Xz5RGrbDduHujdxoo2oHofVxomkMDcT0SX+MUwQCg3wkjT6XQFTIxAF0D7WuQHI5mW01v7/ozXIvg2bIOLxZksBYiNl7uIx/EePLyEjaXSI+Oyq9p1do9DxTJOvTtTSwVZiI8ffCfTBtUHJ/H+MgdMy/Tt7U1vnVTC4rwgYf6UaAo4nwISio3dKJzU5B46PlPp+HA8WKn6HSyd9GLcGMr/O6XulMhtGyXsqjnESLwPoTT4Tiw==; bm_mi=3B82EC3A3D14F2AE53C6AADEFDF5CDF5~YAAQJV+MTzawkfGYAQAAwGo0Gx3OdASLAa8dBUD9ODopRZiZUSZautr8AszWd+h+HQg7sGkn4y54vV9afFaT12QLwwF6oHH/gHxLAAQF920QRhKIZHOL6b81bwCgPfr2FHQG6PSKtO+sUkRM+1aPQKf25Nnr8dQG3VHk2rQg8WQrAIm84xL0U1zJbxVRpoXLFGl6kLiDoQHXeFl2NNrf6EcFzHPabH1oc2H/MTuhXWxlLVMJLv6yTS4ejaODhh8xPEWyCItzjgC/w/AYmytzy1bHQ40CxXgFZy6JVehsFwFaktWLkxGp4C8xMp95WbHRErFUPxa5YuFsCwc2tiHoxxNZ4qw1UFUhJTO50XtIDw==~1; bm_sv=339C6ACE0A4AA7F78E5D6ECB724745A5~YAAQJV+MT1KwkfGYAQAAwo40Gx38motXyHbBZY0ZHC1X4W3vJH3ydpM2l9XV6u5xdywszrdvb5TvUrIZwmzvrVFA5cO26jmpXJDpz953OTs0YbMdmxSynexyzvvnsDmmMyYPJabTdxB9yrfpMBzb2FzmD6YZKdKsVqEFkYQCSDUANXjRd1r5hyuWsgx2ZKfF9x2OGUyXfo3oijuHVhXonre7+j5ACMHcxTdJ8uhcV5/gfgsAda6jAZvQGsDYeQjZRZmt~1; AMCV_98CF678254E93B1B0A4C98A5%40AdobeOrg=179643557%7CMCMID%7C32052525407141275403149641620869998195%7CMCAAMLH-1757702816%7C6%7CMCAAMB-1757702816%7C6G1ynYcLPuiQxYZrsz_pkqfLG9yMXBpb2zX5dvJdYQJzPXImdj0y%7CMCOPTOUT-1757105216s%7CNONE%7CvVersion%7C5.5.0; AMCVS_98CF678254E93B1B0A4C98A5%40AdobeOrg=1; s_cc=true; __cf_bm=ewXGvO_fOcxL1GYqW0wtUQnshdmtvCWwAUS.QNiyhlI-1757098077-1.0.1.1-przhQBoJoFA2ErZVis0yKLG.un1Jois5dZ29yH4.SsGLiSidfJseJ_ASc4vEEJ4Di_754M56T_TqSocl9EG.QPNmeeyeMauPeT8T2sYmz1k; ahoy_visit=62783baa-4641-4bab-88ea-cfaa46e8cb3e; ahoy_visitor=40049e03-7641-4a40-b03d-6685139b32ed
User-Agent: Mozilla/5.0 (X11; Linux x86_64; rv:128.0) Gecko/20100101 Firefox/128.0
Accept: */*
Accept-Language: en-US,en;q=0.5
Accept-Encoding: gzip, deflate, br
Content-Type: application/json
Content-Length: 289
Origin: https://dollarama.instacart.com
Referer: https://dollarama.instacart.com/help/section/360007902831
Sec-Fetch-Dest: empty
Sec-Fetch-Mode: cors
Sec-Fetch-Site: same-origin
Te: trailers

{"visit_token":"62783baa-4641-4bab-88ea-cfaa46e8cb3e","visitor_token":"40049e03-7641-4a40-b03d-6685139b32ed","platform":"Web","landing_page":"https://dollarama.instacart.com/help/section/360007902831","screen_width":1920,"screen_height":1080,"js":true,"referrer":"https://www.google.com/"}]]></request>
    <status>200</status>
    <responselength>1374</responselength>
    <mimetype>JSON</mimetype>
    <response base64="false"><![CDATA[HTTP/2 200 OK
Date: Fri, 05 Sep 2025 18:48:02 GMT
Content-Type: application/json; charset=utf-8
Access-Control-Allow-Origin: https://dollarama.instacart.com
Access-Control-Allow-Methods: GET, POST, PUT, PATCH, DELETE, OPTIONS, HEAD
Access-Control-Expose-Headers: 
Access-Control-Max-Age: 7200
Access-Control-Allow-Credentials: true
X-Frame-Options: SAMEORIGIN
X-Xss-Protection: 0
X-Content-Type-Options: nosniff
X-Download-Options: noopen
X-Permitted-Cross-Domain-Policies: none
Referrer-Policy: strict-origin-when-cross-origin
Set-Cookie: build_sha=c27e69482ce558c6064666550c97cc2e857c996e; path=/; Secure; SameSite=None
Set-Cookie: ahoy_visit=62783baa-4641-4bab-88ea-cfaa46e8cb3e; path=/; expires=Fri, 05 Sep 2025 22:48:02 GMT; Secure; SameSite=None
Etag: W/"1d5a6385e77483e047d340cf6b687d1d"
Cache-Control: max-age=0, private, must-revalidate
X-Request-Id: 732027e5-8061-4efc-b207-73db0eb06141
X-Runtime: 0.057360
Vary: Accept, Origin
Vary: accept-encoding
Strict-Transport-Security: max-age=31536000; includeSubDomains; preload
Cf-Cache-Status: DYNAMIC
Server: cloudflare
Cf-Ray: 97a7e6084e145bcb-TUN
Alt-Svc: h3=":443"; ma=86400

{"visit_token":"62783baa-4641-4bab-88ea-cfaa46e8cb3e","visitor_token":"40049e03-7641-4a40-b03d-6685139b32ed","visit_id":"62783baa-4641-4bab-88ea-cfaa46e8cb3e","visitor_id":"40049e03-7641-4a40-b03d-6685139b32ed"}]]></response>
    <comment></comment>
  </item>
  <item>
    <time>Fri Sep 05 13:53:03 CDT 2025</time>
    <url><![CDATA[https://enterprise-status.instacart.com/access]]></url>
    <host ip="18.161.97.121">enterprise-status.instacart.com</host>
    <port>443</port>
    <protocol>https</protocol>
    <method><![CDATA[POST]]></method>
    <path><![CDATA[/access]]></path>
    <extension>null</extension>
    <request base64="false"><![CDATA[POST /access HTTP/2
Host: enterprise-status.instacart.com
Cookie: ajs_anonymous_id=ea2155a8-97ff-4b0e-b45e-39cf0739f40e; fpc_bpm=6c408fe3-8b36-4eb3-845158ee784ea186; _gcl_au=1.1.2092369738.1757096439; _scid=fThUJkdGap-1v9ZjbqZqSXFNEKdvn5uL; _sctr=1%7C1757048400000; _ga_VL5WVTXMWP=GS2.1.s1757097305$o1$g1$t1757097519$j13$l0$h0; _ga=GA1.1.206219771.1757097305; _ga_TS6NTR6J66=GS2.1.s1757097305$o1$g0$t1757097308$j57$l0$h0; shoppers_instacart_session=ZjJBblo0ODN4cW9WTDRhYmZ1MTFiNUtKeiswKy9Pa1VITGFHUXJMK2ROemk0RDJtUUJTcUtJQi9kZzYrK3NVWms1VHpqaXNYSXJacHp0c3BSaWZ5S0FqMVZrdnVwTU9QbEVyNkYxTDJyazhtQWZ6cmdYSU1odkZORG1PZGI4eUoxZHpvL3dFRyttOUxjS0tMSlRsaER3PT0tLU9pRSs5RWJKRWovYTlUSkJIajcwWWc9PQ%3D%3D--a284366cb4b21bf28cb51803cf47037da3a143fd; _ga_7JY7T788PK=GS2.1.s1757097523$o1$g1$t1757097603$j60$l0$h0; forterToken=f7fe3fe0a0154968b2655c5e926e2edf_1757097973894__UDF43-m4_24ck_; ak_bmsc=64EA26AC6BF091BE885C0A4F5633250B~000000000000000000000000000000~YAAQJV+MT0qwkfGYAQAANH80Gx21L7tHqeiuJSuF9Dni/pya80jWfFjRYUU/zsVQyeCABF/tiD18jwvGPaONBIiLo61tmU3nRho3Eod1zWVyv286wJXHO/vTDq8GQt6IPesdnkbPyjeGU7HRu+OXCISpn+A2rXvCUUEm5z4E3JW4Zs7CgdU4m+nmi3zH9mKk+qLFAk9/UxJpy75IhyrlG/7Nphx8U6cP8RxbnVpDhI3DTKwUUfFJAQQJaAxQJ//UXGxlrVSyDlZV8Ri7/2YywI8q09JQsecJ5nVExyJD/Xz5RGrbDduHujdxoo2oHofVxomkMDcT0SX+MUwQCg3wkjT6XQFTIxAF0D7WuQHI5mW01v7/ozXIvg2bIOLxZksBYiNl7uIx/EePLyEjaXSI+Oyq9p1do9DxTJOvTtTSwVZiI8ffCfTBtUHJ/H+MgdMy/Tt7U1vnVTC4rwgYf6UaAo4nwISio3dKJzU5B46PlPp+HA8WKn6HSyd9GLcGMr/O6XulMhtGyXsqjnESLwPoTT4Tiw==; bm_mi=3B82EC3A3D14F2AE53C6AADEFDF5CDF5~YAAQJV+MTzawkfGYAQAAwGo0Gx3OdASLAa8dBUD9ODopRZiZUSZautr8AszWd+h+HQg7sGkn4y54vV9afFaT12QLwwF6oHH/gHxLAAQF920QRhKIZHOL6b81bwCgPfr2FHQG6PSKtO+sUkRM+1aPQKf25Nnr8dQG3VHk2rQg8WQrAIm84xL0U1zJbxVRpoXLFGl6kLiDoQHXeFl2NNrf6EcFzHPabH1oc2H/MTuhXWxlLVMJLv6yTS4ejaODhh8xPEWyCItzjgC/w/AYmytzy1bHQ40CxXgFZy6JVehsFwFaktWLkxGp4C8xMp95WbHRErFUPxa5YuFsCwc2tiHoxxNZ4qw1UFUhJTO50XtIDw==~1; bm_sv=339C6ACE0A4AA7F78E5D6ECB724745A5~YAAQJV+MT1KwkfGYAQAAwo40Gx38motXyHbBZY0ZHC1X4W3vJH3ydpM2l9XV6u5xdywszrdvb5TvUrIZwmzvrVFA5cO26jmpXJDpz953OTs0YbMdmxSynexyzvvnsDmmMyYPJabTdxB9yrfpMBzb2FzmD6YZKdKsVqEFkYQCSDUANXjRd1r5hyuWsgx2ZKfF9x2OGUyXfo3oijuHVhXonre7+j5ACMHcxTdJ8uhcV5/gfgsAda6jAZvQGsDYeQjZRZmt~1; AMCV_98CF678254E93B1B0A4C98A5%40AdobeOrg=179643557%7CMCMID%7C32052525407141275403149641620869998195%7CMCAAMLH-1757702816%7C6%7CMCAAMB-1757702816%7C6G1ynYcLPuiQxYZrsz_pkqfLG9yMXBpb2zX5dvJdYQJzPXImdj0y%7CMCOPTOUT-1757105216s%7CNONE%7CvVersion%7C5.5.0; AMCVS_98CF678254E93B1B0A4C98A5%40AdobeOrg=1; s_cc=true; _uetsid=06cf2b608a8511f087a3e9c9c9f94d50; _uetvid=06cf13508a8511f0b6648300830ef8b5; _scid_r=jbhUJkdGap-1v9ZjbqZqSXFNEKdvn5uLKZ53jw; _spsess=b0tKZGwrU2RNTDFyVlRwMmtEQUNxSmVRMkovYnFNV1E1dE5kMjhhTnFZTEpDWWhFRW5BY3MrVHM3US91bE9VL2orV0VKOUZrZFp4OWw4NE1XUXZ2TzI3ckw1dVo0dG9STG5sVWhWU2hoZ3JPbktGM2lUS2oxRnZ6WGZwbHNUNkwvcWZJZjZVRGJ5UkhPZGVzYkdBclozelF2WVE5Q0orT1RNek5JWHlDSkZWR0ZsZXhtVGVlV2dYNXVSbDNKR2RSN3YwM2VybzQwNUZLR2VLNzhoR3FTUEc2NUt3elM0ZWlvZlRIcXcwYmFJSittczFvVFFYZ3NXUi9CU0NSbXpVVXRmYStONHVkYTZFUExqdDM1ZnczOTZMZ3gwamVtM0srMFpRL0cvQ2U2aHNEWDROUnByS2I2Y2lFbU9EVUVrVGlySVZxcjdJVmkxVmlGRmJMTmZZZFhXdlB3TTgxOWR4cVVTOGlNSnFHUC9rPS0tYk5xOTNmamdTK1dkZ0hBN0JOS3pRZz09--ee96e042923c254cab4d2a8ee16c7947ec77deb5
User-Agent: Mozilla/5.0 (X11; Linux x86_64; rv:128.0) Gecko/20100101 Firefox/128.0
Accept: text/html,application/xhtml+xml,application/xml;q=0.9,*/*;q=0.8
Accept-Language: en-US,en;q=0.5
Accept-Encoding: gzip, deflate, br
Referer: https://enterprise-status.instacart.com/access/login
Content-Type: application/x-www-form-urlencoded
Content-Length: 176
Origin: https://enterprise-status.instacart.com
Upgrade-Insecure-Requests: 1
Sec-Fetch-Dest: document
Sec-Fetch-Mode: navigate
Sec-Fetch-Site: same-origin
Sec-Fetch-User: ?1
Priority: u=0, i
Te: trailers

authenticity_token=ttrkZwJzOs4pSwj9tBWxvV0AVRjMYVadQRsjYMqmkOPU8YbbMUjFSA5s08q8SP5mzPbl-c5ayXLVKq8Oy8B-eg&page_access_user%5Bemail%5D=admin&page_access_user%5Bpassword%5D=admin]]></request>
    <status>302</status>
    <responselength>2355</responselength>
    <mimetype>HTML</mimetype>
    <response base64="false"><![CDATA[HTTP/2 302 Found
Content-Type: text/html; charset=utf-8
Location: https://enterprise-status.instacart.com/access/login
Date: Fri, 05 Sep 2025 18:53:02 GMT
X-Download-Options: noopen
X-Permitted-Cross-Domain-Policies: none
Referrer-Policy: strict-origin-when-cross-origin
X-Statuspage-Version: b27f95704d5835d5f1a3ccc341503d3f7f22f502
Vary: Accept,Accept-Encoding,X-Forwarded-Host,X-Forwarded-Scheme,X-Forwarded-Proto,Fastly-SSL
Strict-Transport-Security: max-age=259200
X-Statuspage-Skip-Logging: true
Access-Control-Allow-Origin: *
X-Pollinator-Metadata-Service: status-page-web-pages
Cache-Control: no-cache
Set-Cookie: _spsess=c2JsWVZ1U2ZXdjV6V0JDTityMlZHU1RuRlZlVE1CTElFTkZwQ2Q2bGNySlZPczN6RXVhcGJGbTcvandhNzN3WjZTVHR3WWUwSWt5SkdpRTgyNTVLR0dBazJNUmhhT2huK2xZZkJBanhzZUhvY1cza3ZMUkxZME9ESFQzWmFVbmFob1JzSzFmQ2JzRkhjTmw1UUVqT250WUM0TUxsV0ltZWFaUnNPeUZWZjdIUnBWVGxsRzFBSThIZkllTHdZcTVKdlhUWWI0MURJOGs1S014c3prRW5pYkZ3RXFhUWJSZTk5NFErejNVczFRbDdkMitERjI0TUJldzBka3hvbHIzcEdCVmJqTFJTYXdGTVRZbnlwWW1weGR4KzlEUG5PR0ZOM3dpbXpBcGZRWUhRUjdzb1ZKa2F5TzRiNDREampIZHZ5U1ZKNmVaVVhYZmNZSExaS1lkSytMNlFZREh6V3N4VCtMV0hBVGxtZEE2RUFCUk40djYvMlhPUGE2NVNmaW5CQWZ6eXl2YXdpRkttRmRQNDRKTTMrRXZvcDkyUTA3WkJJbzEzK05JcFdmWDNFOWI5alp3NitNZ29nYS9CVXhhSHByYjRLM3VqT2dDWXZFeXRWYmlyUHdqTTRZcW1tY05IcHU1OEEwMTRYNkU9LS0yWmNqa3M0a1oxbkFITGFUeG5CRW5BPT0%3D--4127547f087b020af8a06d7ab876dd685daa929b; path=/; expires=Mon, 08 Sep 2025 18:53:02 GMT; secure; HttpOnly; SameSite=Lax
X-Runtime: 0.057467
Server: AtlassianEdge
X-Content-Type-Options: nosniff
X-Xss-Protection: 1; mode=block
Atl-Traceid: 804084dd13254d9888d4dc1f3119b910
Atl-Request-Id: 804084dd-1325-4d98-88d4-dc1f3119b910
Report-To: {"endpoints": [{"url": "https://dz8aopenkvv6s.cloudfront.net"}], "group": "endpoint-1", "include_subdomains": true, "max_age": 600}
Nel: {"failure_fraction": 0.001, "include_subdomains": true, "max_age": 600, "report_to": "endpoint-1"}
Server-Timing: atl-edge;dur=138,atl-edge-internal;dur=4,atl-edge-upstream;dur=135,atl-edge-pop;desc="aws-us-east-1"
X-Cache: Miss from cloudfront
Via: 1.1 62a32701712a1c992cbde6a244acac8c.cloudfront.net (CloudFront)
X-Amz-Cf-Pop: MRS52-P3
X-Amz-Cf-Id: MJhLq5EulOdC3_GFAOnxKHv5OOaHoL2HP2Du9J736eiyBot0afA1Qw==

<html><body>You are being <a href="https://enterprise-status.instacart.com/access/login">redirected</a>.</body></html>]]></response>
    <comment></comment>
  </item>
  <item>
    <time>Fri Sep 05 13:53:12 CDT 2025</time>
    <url><![CDATA[https://ssrfdemo.onrender.com/fetch]]></url>
    <host ip="">ssrfdemo.onrender.com</host>
    <port>443</port>
    <protocol>https</protocol>
    <method><![CDATA[POST]]></method>
    <path><![CDATA[/forgot_password]]></path>
    <extension>null</extension>
    <request base64="false"><![CDATA[POST /fetch/ HTTP/2
Host: ssrfdemo.onrender.com
User-Agent: Mozilla/5.0 (X11; Linux x86_64; rv:128.0) Gecko/20100101 Firefox/128.0
Accept: text/html,application/xhtml+xml,application/xml;q=0.9,*/*;q=0.8
Accept-Language: en-US,en;q=0.5
Accept-Encoding: gzip, deflate, br, zstd
Alt-Used: ssrfdemo.onrender.com
Upgrade-Insecure-Requests: 1
Sec-Fetch-Dest: document
Sec-Fetch-Mode: navigate
Sec-Fetch-Site: none
Sec-Fetch-User: ?1
Priority: u=0, i
Content-Type: application/json
Content-Length: 81

{"url":"https://fails-quickly-lawrence-treating.trycloudflare.com/callback"}]]></request>
    <status>200</status>
    <responselength>33149</responselength>
    <mimetype>HTML</mimetype>
    <response base64="false"><![CDATA[HTTP/2 200 OK
Content-Type: text/html; charset=utf-8
Date: Fri, 05 Sep 2025 18:53:12 GMT
X-Download-Options: noopen
X-Permitted-Cross-Domain-Policies: none
Referrer-Policy: strict-origin-when-cross-origin
X-Statuspage-Version: b27f95704d5835d5f1a3ccc341503d3f7f22f502
Vary: Accept,Accept-Encoding,X-Forwarded-Host,X-Forwarded-Scheme,X-Forwarded-Proto,Fastly-SSL
Strict-Transport-Security: max-age=259200
X-Statuspage-Skip-Logging: true
Access-Control-Allow-Origin: *
Link: <https://dka575ofm4ao0.cloudfront.net/assets/status/status_manifest-e5fd07250d5426b6c15214a184a78f72bd224c0f158f2ca1f35a3cf1ee9c1783.css>; rel=preload; as=style; nopush,<https://dka575ofm4ao0.cloudfront.net/assets/jquery-3.5.1.min-729e416557a365062a8a20f0562f18aa171da57298005d392312670c706c68de.js>; rel=preload; as=script; nopush,<https://dka575ofm4ao0.cloudfront.net/assets/status_manifest-6a7ae3a8e2e1b1e1d9466495faa0851c3f5fff938743f6501c900aa2a8792e8c.js>; rel=preload; as=script; nopush
X-Pollinator-Metadata-Service: status-page-web-pages
Etag: W/"f3785f52bf1545a4d05ab0114a292e15"
Cache-Control: max-age=0, private, must-revalidate
Set-Cookie: _spsess=cDA2QlI0MmZqdlpPSWk4VDN6UGhqbXFHLzBRaU9ZbEVJc0NoS3FIWEM1OWNnak9ONUp4RlRUZ2VUMENreDdsL2c3YVZ2UHNBWlpTaEswVXBTNVJiZzNsV3RLT0tBUjVYTW1Vc3dvOTN5dEVmcUZ5UjdNM0pYUkZRd25vVkFZOGw3R1V1eS9od3FiSmU0OUNmUndac3Uya0dCYU10bUtTd1pZS0J3ZUxlZUZyVitOUURmbHo3NGh4UUt6cUtWc3IxZk1DRjQ4VzNRZlRCUm9NcmU0RkhJMmEzS2hzZWFEZVRTN2RTMXdPV0E4WlVJVXE4M0l5MnJYeWdmNGE5cVhwMXVidXhtaDVpNUJENE4xVUdNM0xyWWkxQVFEZE9BeGlzQTRPNFB4RmpjZmZJbkVUTjlSWi9nd29QUVNicHRGSE9iSXVEcDBBOG4rcHhBdkhSYnUveXFzd2Z3MERYRStlR1lNRjBWR3hPQ04wPS0tc0x0VE91UlhvWjl6SHlSV1B5bzd2Zz09--9a2d0dce76c3ac4f66ca37cf88adeada9dbd37c5; path=/; expires=Mon, 08 Sep 2025 18:53:12 GMT; secure; HttpOnly; SameSite=Lax
X-Runtime: 0.077993
Server: AtlassianEdge
Accept-Ranges: bytes
X-Content-Type-Options: nosniff
X-Xss-Protection: 1; mode=block
Atl-Traceid: 73a5b564272e48b59f443ae1b1446832
Atl-Request-Id: 73a5b564-272e-48b5-9f44-3ae1b1446832
Report-To: {"endpoints": [{"url": "https://dz8aopenkvv6s.cloudfront.net"}], "group": "endpoint-1", "include_subdomains": true, "max_age": 600}
Nel: {"failure_fraction": 0.001, "include_subdomains": true, "max_age": 600, "report_to": "endpoint-1"}
Server-Timing: atl-edge;dur=156,atl-edge-internal;dur=6,atl-edge-upstream;dur=154,atl-edge-pop;desc="aws-us-east-1"
X-Cache: Miss from cloudfront
Via: 1.1 62a32701712a1c992cbde6a244acac8c.cloudfront.net (CloudFront)
X-Amz-Cf-Pop: MRS52-P3
X-Amz-Cf-Id: jcbAuy-346iyjF81zO6Cg6Zl6w5_Xv-1lRy9loJ-VPjHYBn49U_RWw==

<!DOCTYPE html>
<html lang="en">
  <head>
    <meta http-equiv="X-UA-Compatible" content="IE=edge">
    <!-- force IE browsers in compatibility mode to use their most aggressive rendering engine -->

    <meta charset="utf-8">
    <title>Instacart Status - Forgot Password</title>
    

    <!-- Mobile viewport optimization -->
    <meta name="HandheldFriendly" content="True">
    <meta name="MobileOptimized" content="320">
    <meta name="viewport" content="width=device-width, initial-scale=1.0, minimum-scale=1.0, maximum-scale=1.0">

    <!-- Time this page was rendered - http://purl.org/dc/terms/issued -->
    <meta name="issued" content="1757098392">

    <!-- Mobile IE allows us to activate ClearType technology for smoothing fonts for easy reading -->
    <meta http-equiv="cleartype" content="on">

    <!-- Le fonts -->
<style>
  @font-face {
    font-family: 'proxima-nova';
    src: url('https://dka575ofm4ao0.cloudfront.net/assets/ProximaNovaLight-f0b2f7c12b6b87c65c02d3c1738047ea67a7607fd767056d8a2964cc6a2393f7.eot?host=enterprise-status.instacart.com');
    src: url('https://dka575ofm4ao0.cloudfront.net/assets/ProximaNovaLight-f0b2f7c12b6b87c65c02d3c1738047ea67a7607fd767056d8a2964cc6a2393f7.eot?host=enterprise-status.instacart.com#iefix') format('embedded-opentype'),
         url('https://dka575ofm4ao0.cloudfront.net/assets/ProximaNovaLight-e642ffe82005c6208632538a557e7f5dccb835c0303b06f17f55ccf567907241.woff?host=enterprise-status.instacart.com') format('woff'),
         url('https://dka575ofm4ao0.cloudfront.net/assets/ProximaNovaLight-0f094da9b301d03292f97db5544142a16f9f2ddf50af91d44753d9310c194c5f.ttf?host=enterprise-status.instacart.com') format('truetype');
    font-weight:300;
    font-style:normal;
  }
   
  @font-face {
    font-family: 'proxima-nova';
    src: url('https://dka575ofm4ao0.cloudfront.net/assets/ProximaNovaRegular-366d17769d864aa72f27defaddf591e460a1de4984bb24dacea57a9fc1d14878.eot?host=enterprise-status.instacart.com');
    src: url('https://dka575ofm4ao0.cloudfront.net/assets/ProximaNovaRegular-366d17769d864aa72f27defaddf591e460a1de4984bb24dacea57a9fc1d14878.eot?host=enterprise-status.instacart.com#iefix') format('embedded-opentype'),
         url('https://dka575ofm4ao0.cloudfront.net/assets/ProximaNovaRegular-2ee4c449a9ed716f1d88207bd1094e21b69e2818b5cd36b28ad809dc1924ec54.woff?host=enterprise-status.instacart.com') format('woff'),
         url('https://dka575ofm4ao0.cloudfront.net/assets/ProximaNovaRegular-a40a469edbd27b65b845b8000d47445a17def8ba677f4eb836ad1808f7495173.ttf?host=enterprise-status.instacart.com') format('truetype');
    font-weight:400;
    font-style:normal;
  }
   
  @font-face {
    font-family: 'proxima-nova';
    src: url('https://dka575ofm4ao0.cloudfront.net/assets/ProximaNovaRegularIt-0bf83a850b45e4ccda15bd04691e3c47ae84fec3588363b53618bd275a98cbb7.eot?host=enterprise-status.instacart.com');
    src: url('https://dka575ofm4ao0.cloudfront.net/assets/ProximaNovaRegularIt-0bf83a850b45e4ccda15bd04691e3c47ae84fec3588363b53618bd275a98cbb7.eot?host=enterprise-status.instacart.com#iefix') format('embedded-opentype'),
         url('https://dka575ofm4ao0.cloudfront.net/assets/ProximaNovaRegularIt-0c394ec7a111aa7928ea470ec0a67c44ebdaa0f93d1c3341abb69656cc26cbdd.woff?host=enterprise-status.instacart.com') format('woff'),
         url('https://dka575ofm4ao0.cloudfront.net/assets/ProximaNovaRegularIt-9e43859f8015a4d47d9eaf7bafe8d1e26e3298795ce1f4cdb0be0479b8a4605e.ttf?host=enterprise-status.instacart.com') format('truetype');
    font-weight:400;
    font-style:italic;
  }
   
  @font-face {
    font-family: 'proxima-nova';
    src: url('https://dka575ofm4ao0.cloudfront.net/assets/ProximaNovaSemibold-09566917307251d22021a3f91fc646f3e45f8d095209bcd2cded8a1979f06e54.eot?host=enterprise-status.instacart.com');
    src: url('https://dka575ofm4ao0.cloudfront.net/assets/ProximaNovaSemibold-09566917307251d22021a3f91fc646f3e45f8d095209bcd2cded8a1979f06e54.eot?host=enterprise-status.instacart.com#iefix') format('embedded-opentype'),
         url('https://dka575ofm4ao0.cloudfront.net/assets/ProximaNovaSemibold-86724fb2152613d735ba47c3f47a9ad2424b898bea4bece213dacee40344f966.woff?host=enterprise-status.instacart.com') format('woff'),
         url('https://dka575ofm4ao0.cloudfront.net/assets/ProximaNovaSemibold-cf3e4eb7fbdf6fb83e526cc2a0141e55b01097e6e1abfd4cbdc3eda75d183f74.ttf?host=enterprise-status.instacart.com') format('truetype');
    font-weight:500;
    font-style:normal;
  }
   
  @font-face {
    font-family: 'proxima-nova';
    src: url('https://dka575ofm4ao0.cloudfront.net/assets/ProximaNovaBold-622ea489d20e12e691663f83217105e957e2d3d09703707d40155a29c06cc9d9.eot?host=enterprise-status.instacart.com');
    src: url('https://dka575ofm4ao0.cloudfront.net/assets/ProximaNovaBold-622ea489d20e12e691663f83217105e957e2d3d09703707d40155a29c06cc9d9.eot?host=enterprise-status.instacart.com#iefix') format('embedded-opentype'),
         url('https://dka575ofm4ao0.cloudfront.net/assets/ProximaNovaBold-c8dc577ff7f76d2fc199843e38c04bb2e9fd15889421358d966a9f846c2ed1cd.woff?host=enterprise-status.instacart.com') format('woff'),
         url('https://dka575ofm4ao0.cloudfront.net/assets/ProximaNovaBold-27177fe9242acbe089276ee587feef781446667ffe9b6fdc5b7fe21ad73e12f3.ttf?host=enterprise-status.instacart.com') format('truetype');
    font-weight:700;
    font-style:normal;
  }
</style>


      <link rel="shortcut icon" type="image/x-icon" href="//dka575ofm4ao0.cloudfront.net/pages-favicon_logos/original/162575/Full_Carrot_64x64FAVICON.png" />

    <link rel="shortcut icon" href='//dka575ofm4ao0.cloudfront.net/pages-favicon_logos/original/162575/Full_Carrot_64x64FAVICON.png'>

    <link rel="alternate" type="application/atom+xml" href="https://enterprise-status.instacart.com/history.atom" title="Instacart Status History - Atom Feed">
    <link rel="alternate" type="application/rss+xml" href="https://enterprise-status.instacart.com/history.rss" title="Instacart Status History - RSS Feed">

      <!-- Canonical Link to ensure that only the custom domain is indexed when present -->
      <link rel="canonical" href="https://enterprise-status.instacart.com/forgot_password">

    <meta name="_globalsign-domain-verification" content="y_VzfckMy4iePo5oDJNivyYIjh8LffYa4jzUndm_bZ"/>


    <link rel="alternate" type="application/atom+xml" title="ATOM" href="https://enterprise-status.instacart.com/history.atom" />

    <!-- Le styles -->
    
    <link rel="stylesheet" media="all" href="https://dka575ofm4ao0.cloudfront.net/assets/status/status_manifest-e5fd07250d5426b6c15214a184a78f72bd224c0f158f2ca1f35a3cf1ee9c1783.css" />

    <script src="https://dka575ofm4ao0.cloudfront.net/assets/jquery-3.5.1.min-729e416557a365062a8a20f0562f18aa171da57298005d392312670c706c68de.js"></script>

    <script>
      window.pageColorData = {"blue":"#3498DB","border":"#E0E0E0","body_background":"#ffffff","font":"#333333","graph":"#3498db","green":"#2fcc66","light_font":"#AAAAAA","link":"#3498db","orange":"#e67e22","red":"#e74c3c","yellow":"#f1c40f","no_data":"#b3bac5"};
    </script>
    <style>
  /* BODY BACKGROUND */ /* BODY BACKGROUND */ /* BODY BACKGROUND */ /* BODY BACKGROUND */ /* BODY BACKGROUND */
  body,
  .layout-content.status.status-api .section .example-container .example-opener .color-secondary,
  .grouped-items-selector,
  .layout-content.status.status-full-history .history-nav a.current,
  div[id^="subscribe-modal"] .modal-footer,
  div[id^="subscribe-modal"],
  div[id^="updates-dropdown"] .updates-dropdown-section,
  #uptime-tooltip .tooltip-box {
    background-color:#ffffff;
  }

  #uptime-tooltip .pointer-container .pointer-smaller {
    border-bottom-color:#ffffff;
  }




  /* PRIMARY FONT COLOR */ /* PRIMARY FONT COLOR */ /* PRIMARY FONT COLOR */ /* PRIMARY FONT COLOR */
  body.status,
  .color-primary,
  .color-primary:hover,
  .layout-content.status-index .status-day .update-title.impact-none a,
  .layout-content.status-index .status-day .update-title.impact-none a:hover,
  .layout-content.status-index .timeframes-container .timeframe.active,
  .layout-content.status-full-history .month .incident-container .impact-none,
  .layout-content.status.status-index .incidents-list .incident-title.impact-none a,
  .incident-history .impact-none,
  .layout-content.status .grouped-items-selector.inline .grouped-item.active,
  .layout-content.status.status-full-history .history-nav a.current,
  .layout-content.status.status-full-history .history-nav a:not(.current):hover,
  div[id^="subscribe-modal"] .modal-header .close,
  .grouped-item-label,
  #uptime-tooltip .tooltip-box .tooltip-content .related-events .related-event a.related-event-link {
    color:#333333;
  }

  .layout-content.status.status-index .components-statuses .component-container .name {
    color:#333333;
    color:rgba(51,51,51,.8);
  }




  /* SECONDARY FONT COLOR */ /* SECONDARY FONT COLOR */ /* SECONDARY FONT COLOR */ /* SECONDARY FONT COLOR */
  small,
  .layout-content.status .table-row .date,
  .color-secondary,
  .layout-content.status .grouped-items-selector.inline .grouped-item,
  .layout-content.status.status-full-history .history-footer .pagination a.disabled,
  .layout-content.status.status-full-history .history-nav a,
  #uptime-tooltip .tooltip-box .tooltip-content .related-events #related-event-header {
    color:#AAAAAA;
  }




  /* BORDER COLOR */  /* BORDER COLOR */  /* BORDER COLOR */  /* BORDER COLOR */  /* BORDER COLOR */  /* BORDER COLOR */
  body.status .layout-content.status .border-color,
  hr,
  .tooltip-base,
  .markdown-display table,
  div[id^="subscribe-modal"],
  #uptime-tooltip .tooltip-box {
    border-color:#E0E0E0;
  }

  div[id^="subscribe-modal"] .modal-footer,
  .markdown-display table td {
    border-top-color:#E0E0E0;
  }

  .markdown-display table td + td, .markdown-display table th + th {
    border-left-color:#E0E0E0;
  }

  div[id^="subscribe-modal"] .modal-header,
  #uptime-tooltip .pointer-container .pointer-larger {
    border-bottom-color:#E0E0E0;
  }

  #uptime-tooltip .tooltip-box .outage-field {
    /*
      Generate the background-color for the outage-field from the css_body_background_color and css_border_color.

      For the default background (#ffffff) and default css_border_color (#e0e0e0), use the luminosity of the default background with a magic number to arrive at
      the original outage-field background color (#f4f5f7). I used the formula Target Color = Color * alpha + Background * (1 - alpha) to find the magic number of ~0.08.

      For darker css_body_background_color, luminosity values are lower so alpha trends toward becoming transparent (thus outage-field background becomes same as css_body_background_color).
    */
    background-color: rgba(224,224,224,0.31);

    /*
      outage-field border-color alpha is inverse to the luminosity of css_body_background_color.
      That is to say, with a default white background this border is transparent, but on a black background, it's opaque css_border_color.
    */
    border-color: rgba(224,224,224,0.0);
  }




  /* CSS REDS */ /* CSS REDS */ /* CSS REDS */ /* CSS REDS */ /* CSS REDS */ /* CSS REDS */ /* CSS REDS */
  .layout-content.status.status-index .status-day .update-title.impact-critical a,
  .layout-content.status.status-index .status-day .update-title.impact-critical a:hover,
  .layout-content.status.status-index .page-status.status-critical,
  .layout-content.status.status-index .unresolved-incident.impact-critical .incident-title,
  .flat-button.background-red {
    background-color:#e74c3c;
  }

  .layout-content.status-index .components-statuses .component-container.status-red:after,
  .layout-content.status-full-history .month .incident-container .impact-critical,
  .layout-content.status-incident .incident-name.impact-critical,
  .layout-content.status.status-index .incidents-list .incident-title.impact-critical a,
  .status-red .icon-indicator,
  .incident-history .impact-critical,
  .components-container .component-inner-container.status-red .component-status,
  .components-container .component-inner-container.status-red .icon-indicator {
    color:#e74c3c;
  }

  .layout-content.status.status-index .unresolved-incident.impact-critical .updates {
    border-color:#e74c3c;
  }




  /* CSS ORANGES */ /* CSS ORANGES */ /* CSS ORANGES */ /* CSS ORANGES */ /* CSS ORANGES */ /* CSS ORANGES */
  .layout-content.status.status-index .status-day .update-title.impact-major a,
  .layout-content.status.status-index .status-day .update-title.impact-major a:hover,
  .layout-content.status.status-index .page-status.status-major,
  .layout-content.status.status-index .unresolved-incident.impact-major .incident-title {
    background-color:#e67e22;
  }

  .layout-content.status-index .components-statuses .component-container.status-orange:after,
  .layout-content.status-full-history .month .incident-container .impact-major,
  .layout-content.status-incident .incident-name.impact-major,
  .layout-content.status.status-index .incidents-list .incident-title.impact-major a,
  .status-orange .icon-indicator,
  .incident-history .impact-major,
  .components-container .component-inner-container.status-orange .component-status,
  .components-container .component-inner-container.status-orange .icon-indicator {
    color:#e67e22;
  }

  .layout-content.status.status-index .unresolved-incident.impact-major .updates {
    border-color:#e67e22;
  }




  /* CSS YELLOWS */ /* CSS YELLOWS */ /* CSS YELLOWS */ /* CSS YELLOWS */ /* CSS YELLOWS */ /* CSS YELLOWS */
  .layout-content.status.status-index .status-day .update-title.impact-minor a,
  .layout-content.status.status-index .status-day .update-title.impact-minor a:hover,
  .layout-content.status.status-index .page-status.status-minor,
  .layout-content.status.status-index .unresolved-incident.impact-minor .incident-title,
  .layout-content.status.status-index .scheduled-incidents-container .tab {
    background-color:#f1c40f;
  }

  .layout-content.status-index .components-statuses .component-container.status-yellow:after,
  .layout-content.status-full-history .month .incident-container .impact-minor,
  .layout-content.status-incident .incident-name.impact-minor,
  .layout-content.status.status-index .incidents-list .incident-title.impact-minor a,
  .status-yellow .icon-indicator,
  .incident-history .impact-minor,
  .components-container .component-inner-container.status-yellow .component-status,
  .components-container .component-inner-container.status-yellow .icon-indicator,
  .layout-content.status.manage-subscriptions .confirmation-infobox .fa {
    color:#f1c40f;
  }

  .layout-content.status.status-index .unresolved-incident.impact-minor .updates,
  .layout-content.status.status-index .scheduled-incidents-container {
    border-color:#f1c40f;
  }




  /* CSS BLUES */ /* CSS BLUES */ /* CSS BLUES */ /* CSS BLUES */ /* CSS BLUES */ /* CSS BLUES */
  .layout-content.status.status-index .status-day .update-title.impact-maintenance a,
  .layout-content.status.status-index .status-day .update-title.impact-maintenance a:hover,
  .layout-content.status.status-index .page-status.status-maintenance,
  .layout-content.status.status-index .unresolved-incident.impact-maintenance .incident-title,
  .layout-content.status.status-index .scheduled-incidents-container .tab {
    background-color:#3498DB;
  }

  .layout-content.status-index .components-statuses .component-container.status-blue:after,
  .layout-content.status-full-history .month .incident-container .impact-maintenance,
  .layout-content.status-incident .incident-name.impact-maintenance,
  .layout-content.status.status-index .incidents-list .incident-title.impact-maintenance a,
  .status-blue .icon-indicator,
  .incident-history .impact-maintenance,
  .components-container .component-inner-container.status-blue .component-status,
  .components-container .component-inner-container.status-blue .icon-indicator {
    color:#3498DB;
  }

  .layout-content.status.status-index .unresolved-incident.impact-maintenance .updates,
  .layout-content.status.status-index .scheduled-incidents-container {
    border-color:#3498DB;
  }




  /* CSS GREENS */ /* CSS GREENS */ /* CSS GREENS */ /* CSS GREENS */ /* CSS GREENS */ /* CSS GREENS */ /* CSS GREENS */
  .layout-content.status.status-index .page-status.status-none {
    background-color:#2fcc66;
  }
  .layout-content.status-index .components-statuses .component-container.status-green:after,
  .status-green .icon-indicator,
  .components-container .component-inner-container.status-green .component-status,
  .components-container .component-inner-container.status-green .icon-indicator {
    color:#2fcc66;
  }




  /* CSS LINK COLOR */  /* CSS LINK COLOR */  /* CSS LINK COLOR */  /* CSS LINK COLOR */  /* CSS LINK COLOR */  /* CSS LINK COLOR */
  a,
  a:hover,
  .layout-content.status-index .page-footer span a:hover,
  .layout-content.status-index .timeframes-container .timeframe:not(.active):hover,
  .layout-content.status-incident .subheader a:hover {
    color:#3498db;
  }

  .flat-button,
  .masthead .updates-dropdown-container .show-updates-dropdown,
  .layout-content.status-full-history .show-filter.open  {
    background-color:#3498db;
  }




  /* CUSTOM COLOR OVERRIDES FOR UPTIME SHOWCASE */
  .components-section .components-uptime-link {
    color: #aaaaaa;
  }

  .layout-content.status .shared-partial.uptime-90-days-wrapper .legend .legend-item {
    color: #aaaaaa;
    opacity: 1;
  }
  .layout-content.status .shared-partial.uptime-90-days-wrapper .legend .legend-item.light {
    color: #aaaaaa;
    opacity: 1;
  }
  .layout-content.status .shared-partial.uptime-90-days-wrapper .legend .spacer {
    background: #aaaaaa;
    opacity: 1;
  }
</style>


    <!-- custom css -->

      <!-- polyfills -->
        <script crossorigin="anonymous" src="https://cdnjs.cloudflare.com/polyfill/v3/polyfill.js"></script>

    <!-- Le HTML5 shim -->
    <!--[if lt IE 9]>
      <script src="//html5shim.googlecode.com/svn/trunk/html5.js"></script>
    <![endif]-->

    <!-- injection for static -->


    
  </head>


  <body class="status forgot_password status-none">

    
<div class="layout-content status status-authenticate border-color">
  <div class="branding-container">
    <div class="logo-container">
      <img src="//dka575ofm4ao0.cloudfront.net/pages-transactional_logos/retina/162575/InstacartLogo_Kale.png" />
    </div>

    <div class="description-container font-small color-secondary">
      To request access to this status page, please contact our Enterprise Technical Support Team on <a href="https://enterprise-servicedesk.instacart.com">Instacart Enterprise Service Desk</a> to request access to the Instacart Platform status page.
    </div>
</div>

  <div class="container-for-border border-color">
    <form action="/forgot_password" accept-charset="UTF-8" method="post"><input type="hidden" name="authenticity_token" value="tuF_Hh68UiFPBSWvs2a6ZvhdwlFJD-Dw8IeCKPKeka7Uyh2iLYetp2gi_pi7O_W9aatysEs0fx9ktg5G8_h_Nw" autocomplete="off" />
      <h5>Forgot Password</h5>
      <p class="directions">
        Enter the email address you use to access this status page and we'll send you a link to reset your password.
      </p>
      <div class="control-group">
        <label>Email Address</label>
        <div class="controls">
          <input type="text" name="email" id="email" placeholder="Email Address" class="full-width" />
        </div>
      </div>
      <div class="form-actions">
        <button name="button" type="submit" class="flat-button">Send Password Reset Link</button>
      </div>
</form>  </div>
</div>


    <script src="https://dka575ofm4ao0.cloudfront.net/assets/status_manifest-6a7ae3a8e2e1b1e1d9466495faa0851c3f5fff938743f6501c900aa2a8792e8c.js"></script>
    <div id="cpt-notification-container"></div>
    




    <!-- all of the content_for stuff -->
    

      <script>
  /** INITIALIZATION **/
  var recaptchaIds = {}

  // Unfortunately there's no unique selectors on the parent divs that recaptcha adds. The first unique selector
  // is the iframe rendered 2 levels deep. So this waits until the iframes are added to the page, then finds
  // the parent div and sets the z index so that it'll render above our modals & dropdowns from the start.
  function setZIndex(captchaCount, startTime) {
    // bail after 10s just in case so we don't do this forever if something whaky happens
    if (new Date() - startTime > 10000) {
      return;
    }

    var iframes = document.querySelectorAll('iframe[title="recaptcha challenge"]');
    if (iframes.length != captchaCount) {
      setTimeout(function() {
        setZIndex(captchaCount, startTime);
      }, 500);
    }

    for (var i = 0; i < iframes.length; i++) {
      // incident subscribe modal is 1050, so this has to be above that
      iframes[i].parentElement.parentElement.style.zIndex = "1100";
    }
  }

  function updateCaptchaIframeTitle(captchaCount, startTime, updates=0) {

    if (new Date() - startTime > 10000 || captchaCount === updates) {
      return;
    }
    var iframesWithTitle = document.querySelectorAll('iframe[title="recaptcha challenge expires in two minutes"]');

    if (iframesWithTitle.length != captchaCount) {
      setTimeout(function() {
        updateCaptchaIframeTitle(captchaCount, startTime, iframesWithTitle.length + updates);
      }, 500);
    }

    for (var i = 0; i < iframesWithTitle.length; i++) {
      iframesWithTitle[i].title = "recaptcha";
    }
  }

  function addIncidentCaptcha() {
    var incidentCaptcha = document.createElement('div');
    incidentCaptcha.setAttribute('id', 'subscribe-incident-recaptcha');
    incidentCaptcha.setAttribute('class', 'g-recaptcha');
    incidentCaptcha.setAttribute('data-sitekey', '6LcZ-b0UAAAAAENi956aWzynTT2ZJ80dGU3F80Op');
    incidentCaptcha.setAttribute('data-callback', 'submitIncidentSubscriberSuccess');
    incidentCaptcha.setAttribute('data-error-callback', 'submitIncidentSubscriberError');
    incidentCaptcha.setAttribute('data-size', 'invisible');
    document.body.appendChild(incidentCaptcha);
    var incidentCode = document.createElement('input');
    incidentCode.setAttribute('type', 'hidden');
    incidentCode.setAttribute('id', 'submit_incident_code');
    document.body.appendChild(incidentCode);
  }

  var onloadCallback = function() {
    // if there is an incident, then add incident captcha element
    if (document.getElementsByClassName('modal-open-incident-subscribe').length > 0) {
      addIncidentCaptcha();
    }

    var captchas = document.getElementsByClassName("g-recaptcha");

    for(var i = 0; i < captchas.length; i++) {
      var elId = captchas[i].id;
      recaptchaIds[elId] = grecaptcha.enterprise.render(elId);
    }

    setZIndex(captchas.length, new Date());
    updateCaptchaIframeTitle(captchas.length, new Date());
  }


  /** SUBSCRIBE DROPDOWN */

  // callbacks for captcha success
  function submitNewSubscriber(type, error) {
    if (error) document.querySelector('#subscribe-form-' + type + ' #captcha_error').value = 'true';

    document.getElementById('subscribe-form-' + type).dispatchEvent(new Event('submit', {bubbles: true, cancelable: true}));
    grecaptcha.enterprise.reset(recaptchaIds['subscribe-btn-' + type]);
  }
  function submitNewEmailSubscriber(token) {
    submitNewSubscriber('email');
  }
  function submitNewSmsSubscriber(token) {
    submitNewSubscriber('sms');
  }
  function submitNewWebhookSubscriber(token) {
    submitNewSubscriber('webhook');
  }
  function submitIncidentSubscriber(token, error) {
    var incidentCode = document.getElementById('submit_incident_code').value;
    var incidentForm = document.getElementById('subscribe-form-' + incidentCode);

    incidentForm.querySelector('input[name="captcha_error"]').value = error;
    incidentForm.querySelector('input[name="g-recaptcha-response"]').value = token;
    incidentForm.dispatchEvent(new Event('submit', {bubbles: true, cancelable: true}));
    grecaptcha.enterprise.reset(recaptchaIds['subscribe-incident-recaptcha']);
  }
  function submitIncidentSubscriberSuccess(token) {
    submitIncidentSubscriber(token, 'false');
  }

  // callbacks if we get captcha network errors
  function emailSubscriberCaptchaError(token) {
    submitNewSubscriber('email', true);
  }
  function smsSubscriberCaptchaError(token) {
    submitNewSubscriber('sms', true);
  }
  function webhookSubscriberCaptchaError(token) {
    submitNewSubscriber('webhook', true);
  }
  function submitIncidentSubscriberError(token) {
    submitIncidentSubscriber(token, 'true');
  }

  // tracking clicks
  ['email', 'sms', 'webhook'].forEach(function(type) {
    var el = document.getElementById('subscribe-btn-' + type);
    el && el.addEventListener("click", function() {
      $.ajax({
        type: "POST",
        url: "/subscriptions/track_attempt",
        data: {
          type: type
        }
      })
    })
  })

  // form submission success callbacks
  $('#subscribe-form-email').on('ajax:success', function(e, data, status, xhr){
    if (data.type === 'success') {
      SP.currentPage.updatesDropdown.hide();
      document.getElementById('email').value = '';
    }
  });
  $('#subscribe-form-sms').on('ajax:success', function(e, data, status, xhr){
    if (data.type === 'success' && data.otp_flow !== true) {
      SP.currentPage.updatesDropdown.hide();
      document.getElementById('phone-number').value = '';
    }
  });
  $('#subscribe-form-webhook').on('ajax:success', function(e, data, status, xhr){
    if (data.type === 'success') {
      SP.currentPage.updatesDropdown.hide();
      document.getElementById('endpoint-webhooks').value = '';
      document.getElementById('email-webhooks').value = '';
    }
  });

  $('a.subscribe').on('click', function() {
    document.body.style.overflow = "hidden";
    document.body.style.height = "100vh";
  });

  $('div.modal-open-incident-subscribe').on('hidden', function(){
    document.body.style.overflow = "";
    document.body.style.height = "";
  });

  function submitCaptchaIncidentSubscribe(event) {
    var incidentCode = event.target.id.split('-')[2];
    event.preventDefault();

    $.ajax({
      type: "POST",
      url: "/subscriptions/track_attempt",
      data: {
        type: 'incident'
      }
    })

    document.getElementById('submit_incident_code').value = incidentCode;
    grecaptcha.enterprise.execute(recaptchaIds['subscribe-incident-recaptcha']);
  }
</script>

<script src='https://www.recaptcha.net/recaptcha/enterprise.js?onload=onloadCallback&render=explicit' async defer></script>


    

    <script>
  window.addEventListener('load', function () {
    const urlParams = new URLSearchParams(window.location.search);
    const messageToken = urlParams.get('slack_message_token');
    const channelName = escape(urlParams.get('channel_name'));

    if(!!messageToken) {
      switch(messageToken) {
        case 'slack_auth_error':
          HRB.utils.notify('The Slack authorization attempt was unsuccessful. Try again.', {cssClass:'error'});
          break;
        case 'subscribers_disabled_error':
          HRB.utils.notify('Slack subscriptions are not enabled on this page.', {cssClass:'error'});
          break;
        case 'direct_message_channel_error':
          HRB.utils.notify('Subscriptions aren...t supported in direct messages. Try subscribing again and choose a channel instead.', {cssClass:'error'});
          break
        case 'duplicate_error':
          HRB.utils.notify("You're already subscribed to get Slack notifications in that channel.", {cssClass:'error'});
          break;
        case 'duplicate_private_channel_error':
          HRB.utils.notify(`You're already subscribed to get Slack notifications in #${channelName}. Invite the @Statuspage app to that channel to start getting status updates.`, {cssClass: 'error'});
          break;
        case 'default_success':
          HRB.utils.notify("You're now subscribed to get Statuspage updates in Slack!", {cssClass:'success'});
          break;
        case 'private_channel_success':
          HRB.utils.notify(`IMPORTANT: Invite the @Statuspage app to your Slack channel #${channelName} to start getting status updates.`, {cssClass:'success'});
          break;
      }
    }
  });
</script>

    
<!-- FOR FLASH NOTICES -->
  <script>
    // Saves flash message reliably in local storage, so it won't get lost on the way from Rails to SPA in a case of
    // a page refresh. See also: spa_containerapi.js, HRB.utils.notify.js
    var saveMessage = function(message) {
      if (!message || message.toString().length <= 0) return;
      var obj = savedMessages() || { arr: [] };
      obj.arr.push(message);
      window.parent.sessionStorage.setItem('savedMessages', JSON.stringify(obj));
    };

    // Returns object with saved messages, where "arr" is array of message strings.
    var savedMessages = function() {
      var str = window.parent.sessionStorage.getItem('savedMessages');
      if (str) {
        // Try and catch just in case. Should never happen.
        try {
          return JSON.parse(str);
        }
        catch(err) { console.log('flashMessages parsing error, assuming there are no flash messages to display'); }
      }
      return null;
    };

    // Save message immediately.
    saveMessage('We have sent an email to test with further instructions.');

    // Keep the old HRB-utils way of showing messages for some legacy pages (like admin pages).
    window.addEventListener('load', function () {
      if (HRB.utils.showSavedMessages) {
        HRB.utils.showSavedMessages();
      }
    });
  </script>

<!-- FOR ERROR -->


    <script>
  $(function() {
    var $link = $('<span class="color-secondary powered-by"><a class="color-secondary" target="_blank" rel="noopener noreferrer nofollow" href="https://www.atlassian.com/software/statuspage?utm_campaign=enterprise-status.instacart.com&amp;utm_content=SP-notifications&amp;utm_medium=powered-by&amp;utm_source=inapp">Powered by Atlassian Statuspage</a></span>');

  	var setPoweredByStyles = function() {
  		if (!$('.powered-by').length) {
  			$link.appendTo($('.page-footer'))
  		}
  		$('.powered-by').attr('style', 'display: inline !important; visibility:visible !important; opacity: 1 !important; position:static !important; text-indent:0px !important; transform:scale(1) !important');
  	}

  	setInterval(setPoweredByStyles, 1000);
  });
</script>





  </body>
</html>
]]></response>
    <comment></comment>
  </item>
  <item>
    <time>Fri Sep 05 13:48:32 CDT 2025</time>
    <url><![CDATA[https://iamfoodsmart.instacart.com/ahoy/visits]]></url>
    <host ip="3.160.188.127">iamfoodsmart.instacart.com</host>
    <port>443</port>
    <protocol>https</protocol>
    <method><![CDATA[POST]]></method>
    <path><![CDATA[/ahoy/visits]]></path>
    <extension>null</extension>
    <request base64="false"><![CDATA[POST /fetch/ HTTP/2
Host: ssrfdemo.onrender.com
User-Agent: Mozilla/5.0 (X11; Linux x86_64; rv:128.0) Gecko/20100101 Firefox/128.0
Accept: text/html,application/xhtml+xml,application/xml;q=0.9,*/*;q=0.8
Accept-Language: en-US,en;q=0.5
Accept-Encoding: gzip, deflate, br, zstd
Alt-Used: ssrfdemo.onrender.com
Upgrade-Insecure-Requests: 1
Sec-Fetch-Dest: document
Sec-Fetch-Mode: navigate
Sec-Fetch-Site: none
Sec-Fetch-User: ?1
Priority: u=0, i
Content-Type: application/json
Content-Length: 81

{"url":"https://fails-quickly-lawrence-treating.trycloudflare.com/callback"}]]></request>
    <status>200</status>
    <responselength>2235</responselength>
    <mimetype>JSON</mimetype>
    <response base64="false"><![CDATA[HTTP/2 200 OK
Date: Fri, 05 Sep 2025 20:50:10 GMT
Content-Type: text/html; charset=utf-8
Content-Length: 310
Rndr-Id: 8ef1a8a8-f026-4aef
Vary: Accept-Encoding
X-Render-Origin-Server: Werkzeug/3.1.3 Python/3.13.4
Cf-Cache-Status: DYNAMIC
Server: cloudflare
Cf-Ray: 97a898e6ce7a5bce-TUN
Alt-Svc: h3=":443"; ma=86400

{"status":"success","message":"SSRF callback received!","timestamp":"2025-09-05T15:50:10.022944","method":"GET","url":"https://fails-quickly-lawrence-treating.trycloudflare.com/callback?origin=https://ssrfdemo.onrender.com/index/?secondparam=https://fails-quickly-lawrence-treating.trycloudflare.com/callback"}]]></response>
    <comment></comment>
  </item>
  <item>
    <time>Fri Sep 05 13:46:55 CDT 2025</time>
    <url><![CDATA[https://investors.instacart.com/akam/13/pixel_3e8e26c3]]></url>
    <host ip="79.140.95.184">investors.instacart.com</host>
    <port>443</port>
    <protocol>https</protocol>
    <method><![CDATA[POST]]></method>
    <path><![CDATA[/akam/13/pixel_3e8e26c3]]></path>
    <extension>null</extension>
    <request base64="false"><![CDATA[POST /akam/13/pixel_3e8e26c3 HTTP/2
Host: investors.instacart.com
Cookie: ajs_anonymous_id=ea2155a8-97ff-4b0e-b45e-39cf0739f40e; fpc_bpm=6c408fe3-8b36-4eb3-845158ee784ea186; _gcl_au=1.1.2092369738.1757096439; _scid=fThUJkdGap-1v9ZjbqZqSXFNEKdvn5uL; _sctr=1%7C1757048400000; _ga_VL5WVTXMWP=GS2.1.s1757097305$o1$g1$t1757097519$j13$l0$h0; _ga=GA1.1.206219771.1757097305; _ga_TS6NTR6J66=GS2.1.s1757097305$o1$g0$t1757097308$j57$l0$h0; shoppers_instacart_session=ZjJBblo0ODN4cW9WTDRhYmZ1MTFiNUtKeiswKy9Pa1VITGFHUXJMK2ROemk0RDJtUUJTcUtJQi9kZzYrK3NVWms1VHpqaXNYSXJacHp0c3BSaWZ5S0FqMVZrdnVwTU9QbEVyNkYxTDJyazhtQWZ6cmdYSU1odkZORG1PZGI4eUoxZHpvL3dFRyttOUxjS0tMSlRsaER3PT0tLU9pRSs5RWJKRWovYTlUSkJIajcwWWc9PQ%3D%3D--a284366cb4b21bf28cb51803cf47037da3a143fd; _ga_7JY7T788PK=GS2.1.s1757097523$o1$g1$t1757097603$j60$l0$h0; forterToken=f7fe3fe0a0154968b2655c5e926e2edf_1757097973894__UDF43-m4_24ck_; _scid_r=jLhUJkdGap-1v9ZjbqZqSXFNEKdvn5uLKZ53jg; _uetsid=06cf2b608a8511f087a3e9c9c9f94d50; _uetvid=06cf13508a8511f0b6648300830ef8b5; ak_bmsc=7DCCFBFD5E64A4C374454265F9E1D6CA~000000000000000000000000000000~YAAQtF+MT9+Zl/GYAQAAEu4zGx2tTGw8uJn9X4hISE9QqAXRBb+ktvS8AYL/uS1V2BcBqGYrko4shSIDjWeCRwxdPuJ5k6htPBgJHOgElaXGr3KyerVDuviQYhZjP+EmGSgsHyiF873Rv8G821I3YjsU5y+7P93wkiqPD7FudluDKlL8//pxCN4SIrBNhZzLATtof8PAlUA7XpbkjeKYvNSqTMUuKg/WyRBDwCoYBMJidAy+Vbi/cwCLG9rm3Wd4Rm0CbGaFlXQvurU39ZBSVBeb24GVnm8pF5gRX49Ptjb6sIuSTjbVi6LSVgP3lqzcsR74qpQTBcy8Iwj9jv3n8xgGApf6y5Uo2HHyUrajm2OqUjmTM+HpabmIP8UEb1ga9+sqNSjliqV8I7WqklLIbAnEaghP4ZZx6mP4E8ghuTDvN0TJu1ZwJ8dKU8Q9VAFrrbK7KuKkq0ip4wjqikWxGyOzH/4rN68R4ML/AYI2hPdFXcpbZ2I=; bm_mi=3B82EC3A3D14F2AE53C6AADEFDF5CDF5~YAAQtF+MT9WZl/GYAQAAneczGx2I2eoOI2NHTwa3uoPMgaUoFP7lIa9QICWWzOApYfvOUVCP7vhrlYirIHU+C2o7MQgVxCtJHGtPV2m4+4iPEr/1m5CkrcBXBPxnJkhFJRlTkgyg6oNEOLrL3y4MJI/HP66Hqzm3sbdd0zXLNe6SXxUs8c+ffqbBlFgegKO+hMwGvrn9b2wU5gn6Pg5t8mNbuIz+c/KMl4KnJsgf0cpZpPAp3Pa8Xu43IdKyQOSBJz/fYrVSTrP/3m6RbpnTd7jG4DVOh2w978nE0yKOMhpU0Lfbb0+j525oStDtq1rhucE3A5+yuhD1GaXW~1; bm_sv=339C6ACE0A4AA7F78E5D6ECB724745A5~YAAQtF+MT9aZl/GYAQAAneczGx3wW8rilQCse88YEvupeWnNHewFX9nzMw8TfLE+KBajdTFZmn1EhmrL8mxQrmsKLjodeDJ2MqHpuEsHfIhd9WDCsPLQDxza5P46ABVU+GiJ+HmaPjfDkdHRUPKF/FT8b41TyrnZo4LQDxbdN1gPsOCRdsKBFiswochgkdvR0QQ7OlM14CWjUpiyOkSTbG3dXWdZszSs1BYgdbMdkz5nr+00NP4ZpW0VVvnVrNCdyxBk~1
User-Agent: Mozilla/5.0 (X11; Linux x86_64; rv:128.0) Gecko/20100101 Firefox/128.0
Accept: */*
Accept-Language: en-US,en;q=0.5
Accept-Encoding: gzip, deflate, br
Referer: https://investors.instacart.com/unsubscribe
Content-Type: application/x-www-form-urlencoded
Content-Length: 2861
Origin: https://investors.instacart.com
Sec-Fetch-Dest: empty
Sec-Fetch-Mode: cors
Sec-Fetch-Site: same-origin
Te: trailers

ap=true&bt=0&fonts=null&fh=null&timing=%7B%221%22%3A20%2C%222%22%3A1071%2C%22profile%22%3A%7B%22bp%22%3A1%2C%22sr%22%3A0%2C%22dp%22%3A0%2C%22lt%22%3A0%2C%22ps%22%3A0%2C%22cv%22%3A12%2C%22fp%22%3A0%2C%22sp%22%3A1%2C%22br%22%3A0%2C%22ieps%22%3A0%2C%22av%22%3A0%2C%22z1%22%3A3%2C%22jsv%22%3A1%2C%22nav%22%3A1%2C%22nap%22%3A0%2C%22crc%22%3A0%2C%22z2%22%3A0%7D%2C%22main%22%3A3406%2C%22compute%22%3A20%2C%22send%22%3A1071%7D&bp=2087755996%2C1953464915%2C591862434%2C325835597%2C1068473606%2C-1382186647%2C-365096851%2C-1979186206%2C-108039040%2C-1906852049&sr=%7B%22inner%22%3A%5B1920%2C920%5D%2C%22outer%22%3A%5B1920%2C1037%5D%2C%22screen%22%3A%5B0%2C0%5D%2C%22pageOffset%22%3A%5B0%2C0%5D%2C%22avail%22%3A%5B1920%2C1037%5D%2C%22size%22%3A%5B1920%2C1080%5D%2C%22client%22%3A%5B1920%2C920%5D%2C%22colorDepth%22%3A24%2C%22pixelDepth%22%3A24%7D&dp=%7B%22XDomainRequest%22%3A0%2C%22createPopup%22%3A0%2C%22removeEventListener%22%3A1%2C%22globalStorage%22%3A0%2C%22openDatabase%22%3A0%2C%22indexedDB%22%3A1%2C%22attachEvent%22%3A0%2C%22ActiveXObject%22%3A0%2C%22dispatchEvent%22%3A1%2C%22addBehavior%22%3A0%2C%22addEventListener%22%3A1%2C%22detachEvent%22%3A0%2C%22fireEvent%22%3A0%2C%22MutationObserver%22%3A1%2C%22HTMLMenuItemElement%22%3A0%2C%22Int8Array%22%3A1%2C%22postMessage%22%3A1%2C%22querySelector%22%3A1%2C%22getElementsByClassName%22%3A1%2C%22images%22%3A1%2C%22compatMode%22%3A%22CSS1Compat%22%2C%22documentMode%22%3A0%2C%22all%22%3A1%2C%22now%22%3A1%2C%22contextMenu%22%3A0%7D&lt=1757098014015-5&ps=true%2Ctrue&cv=f301e8fab99a0cb2f69486ae5b5952132bb34849&fp=false&sp=false&br=Firefox&ieps=false&av=false&z=%7B%22a%22%3A1049503676%2C%22b%22%3A1%2C%22c%22%3A0%7D&zh=&jsv=1.5&nav=%7B%22userAgent%22%3A%22Mozilla%2F5.0%20(X11%3B%20Linux%20x86_64%3B%20rv%3A128.0)%20Gecko%2F20100101%20Firefox%2F128.0%22%2C%22appName%22%3A%22Netscape%22%2C%22appCodeName%22%3A%22Mozilla%22%2C%22appVersion%22%3A%225.0%20(X11)%22%2C%22appMinorVersion%22%3A0%2C%22product%22%3A%22Gecko%22%2C%22productSub%22%3A%2220100101%22%2C%22vendor%22%3A%22%22%2C%22vendorSub%22%3A%22%22%2C%22buildID%22%3A%2220181001000000%22%2C%22platform%22%3A%22Linux%20x86_64%22%2C%22oscpu%22%3A%22Linux%20x86_64%22%2C%22hardwareConcurrency%22%3A12%2C%22language%22%3A%22en-US%22%2C%22languages%22%3A%5B%22en-US%22%2C%22en%22%5D%2C%22systemLanguage%22%3A0%2C%22userLanguage%22%3A0%2C%22doNotTrack%22%3A%22unspecified%22%2C%22msDoNotTrack%22%3A0%2C%22cookieEnabled%22%3Atrue%2C%22geolocation%22%3A1%2C%22vibrate%22%3A1%2C%22maxTouchPoints%22%3A0%2C%22webdriver%22%3Afalse%2C%22plugins%22%3A%5B%22PDF%20Viewer%22%2C%22Chrome%20PDF%20Viewer%22%2C%22Chromium%20PDF%20Viewer%22%2C%22Microsoft%20Edge%20PDF%20Viewer%22%2C%22WebKit%20built-in%20PDF%22%5D%7D&crc=%7B%22window.chrome%22%3A%22-not-existent%22%7D&t=259db38ff3f0df3abb17d91dd451dd2cd8776fd3&u=7bcc8fb0da905dca90297dbaae94ddc5&nap=11113333331333333333]]></request>
    <status>200</status>
    <responselength>780</responselength>
    <mimetype></mimetype>
    <response base64="false"><![CDATA[HTTP/2 200 OK
Content-Type: text/html
Content-Length: 0
Date: Fri, 05 Sep 2025 18:46:55 GMT
Set-Cookie: ak_bmsc=7DCCFBFD5E64A4C374454265F9E1D6CA~000000000000000000000000000000~YAAQtF+MT+CZl/GYAQAAXPwzGx0QV2jDNaPxhnyStlwALbt/DL2DjRscKu4VW3cplJIII0L8NoAbHWb1dOvtXiflri+exLcFKyAEI8TiliYwog822KEgbg8gBvzcpt3MHbCLAg+5KQvLKEP+1GqhIMpXu9wf3tCiJ1y32Bd1m9ed9/vQdxS0hquJMadt8ZzQXEmLtWSzFimDnQdiaNrfdiPhKf0tu/f018yBsiInsbXdr1NFtwoKcTkckzcLRJsZhj/eJpgqalT2+yXDT2S7pL+2WMjAL4aFKnSIPFQCmR6a5AFtIrcIN88CIN/GrCA+CdHcvHUyMot6rxSFXcokHIUxapvdN/yNEBRwJlUMYNS63Y6oAAnR2XNjmkVd/jvxV+Y+UrUlHna5G38K+m66w8ckRFo/yncbKytQH1RlSAYx3wLU+MWaEdFpskcehARIrDt/lS5dzJcZKTZNyp8dj0We6hl9HEZSDAjEMGrggVY51SREszBGlRuJMeuzyAxx; Domain=.instacart.com; Path=/; Expires=Fri, 05 Sep 2025 20:46:49 GMT; Max-Age=7194

]]></response>
    <comment></comment>
  </item>
  <item>
    <time>Fri Sep 05 13:47:29 CDT 2025</time>
    <url><![CDATA[https://investors.instacart.com/akam/13/pixel_3e8e26c3]]></url>
    <host ip="79.140.95.184">investors.instacart.com</host>
    <port>443</port>
    <protocol>https</protocol>
    <method><![CDATA[POST]]></method>
    <path><![CDATA[/akam/13/pixel_3e8e26c3]]></path>
    <extension>null</extension>
    <request base64="false"><![CDATA[POST /akam/13/pixel_3e8e26c3 HTTP/2
Host: investors.instacart.com
Cookie: ajs_anonymous_id=ea2155a8-97ff-4b0e-b45e-39cf0739f40e; fpc_bpm=6c408fe3-8b36-4eb3-845158ee784ea186; _gcl_au=1.1.2092369738.1757096439; _scid=fThUJkdGap-1v9ZjbqZqSXFNEKdvn5uL; _sctr=1%7C1757048400000; _ga_VL5WVTXMWP=GS2.1.s1757097305$o1$g1$t1757097519$j13$l0$h0; _ga=GA1.1.206219771.1757097305; _ga_TS6NTR6J66=GS2.1.s1757097305$o1$g0$t1757097308$j57$l0$h0; shoppers_instacart_session=ZjJBblo0ODN4cW9WTDRhYmZ1MTFiNUtKeiswKy9Pa1VITGFHUXJMK2ROemk0RDJtUUJTcUtJQi9kZzYrK3NVWms1VHpqaXNYSXJacHp0c3BSaWZ5S0FqMVZrdnVwTU9QbEVyNkYxTDJyazhtQWZ6cmdYSU1odkZORG1PZGI4eUoxZHpvL3dFRyttOUxjS0tMSlRsaER3PT0tLU9pRSs5RWJKRWovYTlUSkJIajcwWWc9PQ%3D%3D--a284366cb4b21bf28cb51803cf47037da3a143fd; _ga_7JY7T788PK=GS2.1.s1757097523$o1$g1$t1757097603$j60$l0$h0; forterToken=f7fe3fe0a0154968b2655c5e926e2edf_1757097973894__UDF43-m4_24ck_; _scid_r=jLhUJkdGap-1v9ZjbqZqSXFNEKdvn5uLKZ53jg; _uetsid=06cf2b608a8511f087a3e9c9c9f94d50; _uetvid=06cf13508a8511f0b6648300830ef8b5; ak_bmsc=64EA26AC6BF091BE885C0A4F5633250B~000000000000000000000000000000~YAAQJV+MTz6wkfGYAQAAn3A0Gx2s9BetWv0nLVlY37Mw7zD3JfYY0x6FTDmeMewF3J4TzCQFzcjpGnUswPSpzP47JwhBn/zC8aqzUVUejOLSo0FTMmh2KHVQZh1we68ma+ozBVdbb4Wrvv7FXzsTBQ8pzd68NjRxN6xx/VO2tCbV2jcha9mAQ289MoKvyZl5bXrzQgW3m/3U6QvMPTFTlUCjPKWE9qo/JntwxvbngJo7NCjJ5O2to0dwwEk9EMy05NVb0C+V1p8Jc5jz5/s03CmqkvLrsw5L0b5qcRGU1PrHx1PzySuhp6M9R73bpRUnc/kdcrPpxIe+mBYwZe2GelrajvPV5B0CfBtUuzWDsRtH/g6bZAi3DOE+XNmXmC0L8575ZcRRBbxvSXrfs/YXTBzjdZpnfKkEUyIbQkhmVKBAVH7/oQ4x9KTpyJ83rYBAydohh0oaUHt5iQ5JjH+3IiKv0LyYLjhDsbn8p7O+FUMYYSMIERUQE6StwJpsxj4CKZuK9/7C4WgqR9iwis3UD89fxh71epmrwg==; bm_mi=3B82EC3A3D14F2AE53C6AADEFDF5CDF5~YAAQJV+MTzawkfGYAQAAwGo0Gx3OdASLAa8dBUD9ODopRZiZUSZautr8AszWd+h+HQg7sGkn4y54vV9afFaT12QLwwF6oHH/gHxLAAQF920QRhKIZHOL6b81bwCgPfr2FHQG6PSKtO+sUkRM+1aPQKf25Nnr8dQG3VHk2rQg8WQrAIm84xL0U1zJbxVRpoXLFGl6kLiDoQHXeFl2NNrf6EcFzHPabH1oc2H/MTuhXWxlLVMJLv6yTS4ejaODhh8xPEWyCItzjgC/w/AYmytzy1bHQ40CxXgFZy6JVehsFwFaktWLkxGp4C8xMp95WbHRErFUPxa5YuFsCwc2tiHoxxNZ4qw1UFUhJTO50XtIDw==~1; bm_sv=339C6ACE0A4AA7F78E5D6ECB724745A5~YAAQJV+MTzewkfGYAQAAwGo0Gx3CdJ2EjU5fDnOXNygjv5mIcWR9NAiaYEc4e0t5LHQRgmSULVOpx9nclLh75BB+7RjpFxOlgpH09SxdxLsgmvRgfOxizEeCxajereaQRY6t1oM7KmFRDcKrlsjc7w3p6rSmlQSxYt03TvzaMlgzWWvKesdXvPfNtz5Yn+UWBTBijgEAdnSqf2XUa7dog2rCLGLnNNuAZGrNzirsbXrv3mKqUHL6nfEskwS/ESmCyVMr~1; AMCV_98CF678254E93B1B0A4C98A5%40AdobeOrg=179643557%7CMCMID%7C32052525407141275403149641620869998195%7CMCAAMLH-1757702816%7C6%7CMCAAMB-1757702816%7C6G1ynYcLPuiQxYZrsz_pkqfLG9yMXBpb2zX5dvJdYQJzPXImdj0y%7CMCOPTOUT-1757105216s%7CNONE%7CvVersion%7C5.5.0; AMCVS_98CF678254E93B1B0A4C98A5%40AdobeOrg=1; s_cc=true
User-Agent: Mozilla/5.0 (X11; Linux x86_64; rv:128.0) Gecko/20100101 Firefox/128.0
Accept: */*
Accept-Language: en-US,en;q=0.5
Accept-Encoding: gzip, deflate, br
Referer: https://investors.instacart.com/financials-filings/sec-filings?hkuix=123&items_per_page=10&mobile=1&field_nir_sec_cik_target_id=&field_nir_sec_date_filed_value=&items_per_page_toggle=0&page=17&order=field_nir_sec_form&sort=desc
Content-Type: application/x-www-form-urlencoded
Content-Length: 2983
Origin: https://investors.instacart.com
Sec-Fetch-Dest: empty
Sec-Fetch-Mode: cors
Sec-Fetch-Site: same-origin
Te: trailers

ap=true&bt=0&fonts=null&fh=null&timing=%7B%221%22%3A21%2C%222%22%3A158%2C%223%22%3A268%2C%224%22%3A373%2C%225%22%3A479%2C%226%22%3A648%2C%22profile%22%3A%7B%22bp%22%3A0%2C%22sr%22%3A1%2C%22dp%22%3A0%2C%22lt%22%3A0%2C%22ps%22%3A0%2C%22cv%22%3A14%2C%22fp%22%3A0%2C%22sp%22%3A0%2C%22br%22%3A0%2C%22ieps%22%3A0%2C%22av%22%3A0%2C%22z1%22%3A2%2C%22jsv%22%3A1%2C%22nav%22%3A1%2C%22nap%22%3A1%2C%22crc%22%3A0%2C%22z2%22%3A0%2C%22z3%22%3A0%2C%22z4%22%3A0%2C%22z5%22%3A0%2C%22z6%22%3A1%7D%2C%22main%22%3A1327%2C%22compute%22%3A21%2C%22send%22%3A648%7D&bp=2087755996%2C1953464915%2C591862434%2C325835597%2C1068473606%2C-1382186647%2C-365096851%2C-1979186206%2C-108039040%2C-1906852049&sr=%7B%22inner%22%3A%5B1920%2C920%5D%2C%22outer%22%3A%5B1920%2C1037%5D%2C%22screen%22%3A%5B0%2C0%5D%2C%22pageOffset%22%3A%5B0%2C0%5D%2C%22avail%22%3A%5B1920%2C1037%5D%2C%22size%22%3A%5B1920%2C1080%5D%2C%22client%22%3A%5B1920%2C920%5D%2C%22colorDepth%22%3A24%2C%22pixelDepth%22%3A24%7D&dp=%7B%22XDomainRequest%22%3A0%2C%22createPopup%22%3A0%2C%22removeEventListener%22%3A1%2C%22globalStorage%22%3A0%2C%22openDatabase%22%3A0%2C%22indexedDB%22%3A1%2C%22attachEvent%22%3A0%2C%22ActiveXObject%22%3A0%2C%22dispatchEvent%22%3A1%2C%22addBehavior%22%3A0%2C%22addEventListener%22%3A1%2C%22detachEvent%22%3A0%2C%22fireEvent%22%3A0%2C%22MutationObserver%22%3A1%2C%22HTMLMenuItemElement%22%3A0%2C%22Int8Array%22%3A1%2C%22postMessage%22%3A1%2C%22querySelector%22%3A1%2C%22getElementsByClassName%22%3A1%2C%22images%22%3A1%2C%22compatMode%22%3A%22CSS1Compat%22%2C%22documentMode%22%3A0%2C%22all%22%3A1%2C%22now%22%3A1%2C%22contextMenu%22%3A0%7D&lt=1757098045521-5&ps=true%2Ctrue&cv=f301e8fab99a0cb2f69486ae5b5952132bb34849&fp=false&sp=false&br=Firefox&ieps=false&av=false&z=%7B%22a%22%3A1049503676%2C%22b%22%3A1%2C%22c%22%3A0%7D&zh=&jsv=1.5&nav=%7B%22userAgent%22%3A%22Mozilla%2F5.0%20(X11%3B%20Linux%20x86_64%3B%20rv%3A128.0)%20Gecko%2F20100101%20Firefox%2F128.0%22%2C%22appName%22%3A%22Netscape%22%2C%22appCodeName%22%3A%22Mozilla%22%2C%22appVersion%22%3A%225.0%20(X11)%22%2C%22appMinorVersion%22%3A0%2C%22product%22%3A%22Gecko%22%2C%22productSub%22%3A%2220100101%22%2C%22vendor%22%3A%22%22%2C%22vendorSub%22%3A%22%22%2C%22buildID%22%3A%2220181001000000%22%2C%22platform%22%3A%22Linux%20x86_64%22%2C%22oscpu%22%3A%22Linux%20x86_64%22%2C%22hardwareConcurrency%22%3A12%2C%22language%22%3A%22en-US%22%2C%22languages%22%3A%5B%22en-US%22%2C%22en%22%5D%2C%22systemLanguage%22%3A0%2C%22userLanguage%22%3A0%2C%22doNotTrack%22%3A%22unspecified%22%2C%22msDoNotTrack%22%3A0%2C%22cookieEnabled%22%3Atrue%2C%22geolocation%22%3A1%2C%22vibrate%22%3A1%2C%22maxTouchPoints%22%3A0%2C%22webdriver%22%3Afalse%2C%22plugins%22%3A%5B%22PDF%20Viewer%22%2C%22Chrome%20PDF%20Viewer%22%2C%22Chromium%20PDF%20Viewer%22%2C%22Microsoft%20Edge%20PDF%20Viewer%22%2C%22WebKit%20built-in%20PDF%22%5D%7D&crc=%7B%22window.chrome%22%3A%22-not-existent%22%7D&t=259db38ff3f0df3abb17d91dd451dd2cd8776fd3&u=7bcc8fb0da905dca90297dbaae94ddc5&nap=11113333331333333333]]></request>
    <status>200</status>
    <responselength>808</responselength>
    <mimetype></mimetype>
    <response base64="false"><![CDATA[HTTP/2 200 OK
Content-Type: text/html
Content-Length: 0
Date: Fri, 05 Sep 2025 18:47:29 GMT
Set-Cookie: ak_bmsc=64EA26AC6BF091BE885C0A4F5633250B~000000000000000000000000000000~YAAQJV+MT0qwkfGYAQAANH80Gx21L7tHqeiuJSuF9Dni/pya80jWfFjRYUU/zsVQyeCABF/tiD18jwvGPaONBIiLo61tmU3nRho3Eod1zWVyv286wJXHO/vTDq8GQt6IPesdnkbPyjeGU7HRu+OXCISpn+A2rXvCUUEm5z4E3JW4Zs7CgdU4m+nmi3zH9mKk+qLFAk9/UxJpy75IhyrlG/7Nphx8U6cP8RxbnVpDhI3DTKwUUfFJAQQJaAxQJ//UXGxlrVSyDlZV8Ri7/2YywI8q09JQsecJ5nVExyJD/Xz5RGrbDduHujdxoo2oHofVxomkMDcT0SX+MUwQCg3wkjT6XQFTIxAF0D7WuQHI5mW01v7/ozXIvg2bIOLxZksBYiNl7uIx/EePLyEjaXSI+Oyq9p1do9DxTJOvTtTSwVZiI8ffCfTBtUHJ/H+MgdMy/Tt7U1vnVTC4rwgYf6UaAo4nwISio3dKJzU5B46PlPp+HA8WKn6HSyd9GLcGMr/O6XulMhtGyXsqjnESLwPoTT4Tiw==; Domain=.instacart.com; Path=/; Expires=Fri, 05 Sep 2025 20:46:49 GMT; Max-Age=7160

]]></response>
    <comment></comment>
  </item>
  <item>
    <time>Fri Sep 05 13:40:43 CDT 2025</time>
    <url><![CDATA[https://lamichoacanameatmarket.instacart.com/ahoy/visits]]></url>
    <host ip="104.18.41.34">lamichoacanameatmarket.instacart.com</host>
    <port>443</port>
    <protocol>https</protocol>
    <method><![CDATA[POST]]></method>
    <path><![CDATA[/ahoy/visits]]></path>
    <extension>null</extension>
    <request base64="false"><![CDATA[POST /ahoy/visits HTTP/2
Host: lamichoacanameatmarket.instacart.com
Cookie: ajs_anonymous_id=ea2155a8-97ff-4b0e-b45e-39cf0739f40e; fpc_bpm=6c408fe3-8b36-4eb3-845158ee784ea186; _gcl_au=1.1.2092369738.1757096439; _scid=fThUJkdGap-1v9ZjbqZqSXFNEKdvn5uL; _sctr=1%7C1757048400000; _scid_r=erhUJkdGap-1v9ZjbqZqSXFNEKdvn5uLKZ53jA; _uetsid=06cf2b608a8511f087a3e9c9c9f94d50; _uetvid=06cf13508a8511f0b6648300830ef8b5; _ga_VL5WVTXMWP=GS2.1.s1757097305$o1$g1$t1757097519$j13$l0$h0; _ga=GA1.1.206219771.1757097305; _ga_TS6NTR6J66=GS2.1.s1757097305$o1$g0$t1757097308$j57$l0$h0; shoppers_instacart_session=ZjJBblo0ODN4cW9WTDRhYmZ1MTFiNUtKeiswKy9Pa1VITGFHUXJMK2ROemk0RDJtUUJTcUtJQi9kZzYrK3NVWms1VHpqaXNYSXJacHp0c3BSaWZ5S0FqMVZrdnVwTU9QbEVyNkYxTDJyazhtQWZ6cmdYSU1odkZORG1PZGI4eUoxZHpvL3dFRyttOUxjS0tMSlRsaER3PT0tLU9pRSs5RWJKRWovYTlUSkJIajcwWWc9PQ%3D%3D--a284366cb4b21bf28cb51803cf47037da3a143fd; _ga_7JY7T788PK=GS2.1.s1757097523$o1$g1$t1757097603$j60$l0$h0; ahoy_visit=c99e7a2d-9d40-49cb-b4e2-6e639fe6cc2e; ahoy_track=true; ahoy_visitor=4bf6fbc6-dd1e-46fb-80b3-348b38a425ad; __cf_bm=kITVkaBd39DAgq3Fr0jswHrvswXPz0F1mwgCjJucYyU-1757097636-1.0.1.1-0wLLpGm.7Lc755LxYKGa8XHRxrFB1FlrtrhfoXb_3eQEw_PxcU4PpSHh6cSD1y3e1ERxSARRs_hcYeAu1SOpGK3yvDbO1ov49PUj8nwwciA
User-Agent: Mozilla/5.0 (X11; Linux x86_64; rv:128.0) Gecko/20100101 Firefox/128.0
Accept: */*
Accept-Language: en-US,en;q=0.5
Accept-Encoding: gzip, deflate, br
Content-Type: application/json
Content-Length: 277
Origin: https://lamichoacanameatmarket.instacart.com
Referer: https://lamichoacanameatmarket.instacart.com/
Sec-Fetch-Dest: empty
Sec-Fetch-Mode: cors
Sec-Fetch-Site: same-origin
Te: trailers

{"visit_token":"c99e7a2d-9d40-49cb-b4e2-6e639fe6cc2e","visitor_token":"4bf6fbc6-dd1e-46fb-80b3-348b38a425ad","platform":"Web","landing_page":"https://lamichoacanameatmarket.instacart.com/","screen_width":1920,"screen_height":1080,"js":true,"referrer":"https://www.google.com/"}]]></request>
    <status>200</status>
    <responselength>1493</responselength>
    <mimetype>JSON</mimetype>
    <response base64="false"><![CDATA[HTTP/2 200 OK
Date: Fri, 05 Sep 2025 18:40:43 GMT
Content-Type: application/json; charset=utf-8
Access-Control-Allow-Origin: https://lamichoacanameatmarket.instacart.com
Access-Control-Allow-Methods: GET, POST, PUT, PATCH, DELETE, OPTIONS, HEAD
Access-Control-Expose-Headers: 
Access-Control-Max-Age: 7200
Access-Control-Allow-Credentials: true
X-Frame-Options: SAMEORIGIN
X-Xss-Protection: 0
X-Content-Type-Options: nosniff
X-Download-Options: noopen
X-Permitted-Cross-Domain-Policies: none
Referrer-Policy: strict-origin-when-cross-origin
Set-Cookie: build_sha=c27e69482ce558c6064666550c97cc2e857c996e; path=/; Secure; SameSite=None
Set-Cookie: ahoy_visit=c99e7a2d-9d40-49cb-b4e2-6e639fe6cc2e; path=/; expires=Fri, 05 Sep 2025 22:40:43 GMT; Secure; SameSite=None
Set-Cookie: ahoy_track=; path=/; max-age=0; expires=Thu, 01 Jan 1970 00:00:00 GMT; Secure; SameSite=None
Etag: W/"7c1a40b6c210545e1326bfee9e934df6"
Cache-Control: max-age=0, private, must-revalidate
X-Request-Id: 7c20c387-11ec-40bf-bde0-47c607c62b29
X-Runtime: 0.056301
Vary: Accept, Origin
Vary: accept-encoding
Strict-Transport-Security: max-age=31536000; includeSubDomains; preload
Cf-Cache-Status: DYNAMIC
Server: cloudflare
Cf-Ray: 97a7db514e3e5bd0-TUN
Alt-Svc: h3=":443"; ma=86400

{"visit_token":"c99e7a2d-9d40-49cb-b4e2-6e639fe6cc2e","visitor_token":"4bf6fbc6-dd1e-46fb-80b3-348b38a425ad","visit_id":"c99e7a2d-9d40-49cb-b4e2-6e639fe6cc2e","visitor_id":"4bf6fbc6-dd1e-46fb-80b3-348b38a425ad"}]]></response>
    <comment></comment>
  </item>
  <item>
    <time>Fri Sep 05 13:46:02 CDT 2025</time>
    <url><![CDATA[https://lamichoacanameatmarket.instacart.com/graphql]]></url>
    <host ip="104.18.41.34">lamichoacanameatmarket.instacart.com</host>
    <port>443</port>
    <protocol>https</protocol>
    <method><![CDATA[POST]]></method>
    <path><![CDATA[/graphql]]></path>
    <extension>null</extension>
    <request base64="false"><![CDATA[POST /graphql HTTP/2
Host: lamichoacanameatmarket.instacart.com
Cookie: ajs_anonymous_id=ea2155a8-97ff-4b0e-b45e-39cf0739f40e; fpc_bpm=6c408fe3-8b36-4eb3-845158ee784ea186; _gcl_au=1.1.2092369738.1757096439; _scid=fThUJkdGap-1v9ZjbqZqSXFNEKdvn5uL; _sctr=1%7C1757048400000; _ga_VL5WVTXMWP=GS2.1.s1757097305$o1$g1$t1757097519$j13$l0$h0; _ga=GA1.1.206219771.1757097305; _ga_TS6NTR6J66=GS2.1.s1757097305$o1$g0$t1757097308$j57$l0$h0; shoppers_instacart_session=ZjJBblo0ODN4cW9WTDRhYmZ1MTFiNUtKeiswKy9Pa1VITGFHUXJMK2ROemk0RDJtUUJTcUtJQi9kZzYrK3NVWms1VHpqaXNYSXJacHp0c3BSaWZ5S0FqMVZrdnVwTU9QbEVyNkYxTDJyazhtQWZ6cmdYSU1odkZORG1PZGI4eUoxZHpvL3dFRyttOUxjS0tMSlRsaER3PT0tLU9pRSs5RWJKRWovYTlUSkJIajcwWWc9PQ%3D%3D--a284366cb4b21bf28cb51803cf47037da3a143fd; _ga_7JY7T788PK=GS2.1.s1757097523$o1$g1$t1757097603$j60$l0$h0; ahoy_visit=c99e7a2d-9d40-49cb-b4e2-6e639fe6cc2e; ahoy_visitor=4bf6fbc6-dd1e-46fb-80b3-348b38a425ad; __cf_bm=kITVkaBd39DAgq3Fr0jswHrvswXPz0F1mwgCjJucYyU-1757097636-1.0.1.1-0wLLpGm.7Lc755LxYKGa8XHRxrFB1FlrtrhfoXb_3eQEw_PxcU4PpSHh6cSD1y3e1ERxSARRs_hcYeAu1SOpGK3yvDbO1ov49PUj8nwwciA; build_sha=c27e69482ce558c6064666550c97cc2e857c996e; accessibleColorsEnabled=false; forterToken=f7fe3fe0a0154968b2655c5e926e2edf_1757097923561__UDF43-m9-a4_24ck_; _scid_r=jLhUJkdGap-1v9ZjbqZqSXFNEKdvn5uLKZ53jg; _uetsid=06cf2b608a8511f087a3e9c9c9f94d50; _uetvid=06cf13508a8511f0b6648300830ef8b5
User-Agent: Mozilla/5.0 (X11; Linux x86_64; rv:128.0) Gecko/20100101 Firefox/128.0
Accept: */*
Accept-Language: en-US,en;q=0.5
Accept-Encoding: gzip, deflate, br
Referer: https://lamichoacanameatmarket.instacart.com/
Content-Type: application/json
X-Client-Identifier: web
Content-Length: 292
Origin: https://lamichoacanameatmarket.instacart.com
Sec-Fetch-Dest: empty
Sec-Fetch-Mode: cors
Sec-Fetch-Site: same-origin
Priority: u=0
Te: trailers

{"operationName":"CreateUserSessionFromVerificationCode","variables":{"identifier":"adelheidsalmon@somoj.com","identifier_type":"email","verification_code":"427692"},"extensions":{"persistedQuery":{"version":1,"sha256Hash":"42aee91caf1bdebb465cca8078504c33ad7835242b6608fc93db63ad788f45e1"}}}]]></request>
    <status>200</status>
    <responselength>1665</responselength>
    <mimetype>JSON</mimetype>
    <response base64="false"><![CDATA[HTTP/2 200 OK
Date: Fri, 05 Sep 2025 18:46:02 GMT
Content-Type: application/json; charset=utf-8
Access-Control-Allow-Origin: https://lamichoacanameatmarket.instacart.com
Access-Control-Allow-Methods: GET, POST, PUT, PATCH, DELETE, OPTIONS, HEAD
Access-Control-Expose-Headers: 
Access-Control-Max-Age: 7200
X-Frame-Options: SAMEORIGIN
X-Xss-Protection: 1; mode=block
X-Content-Type-Options: nosniff
X-Download-Options: noopen
X-Permitted-Cross-Domain-Policies: none
Referrer-Policy: strict-origin-when-cross-origin
Set-Cookie: ahoy_visit=c99e7a2d-9d40-49cb-b4e2-6e639fe6cc2e; path=/; expires=Fri, 05 Sep 2025 22:46:02 GMT; SameSite=Lax
Set-Cookie: __Host-instacart_sid=v2.3fafb1b29cb3d0.9DmSwvi6sF0lcqedks9OtrwE9nBpcA-xpzM16fy8sOM; path=/; expires=Sun, 06 Sep 2026 00:35:14 GMT; secure; HttpOnly; SameSite=Lax
Set-Cookie: known_visitor=%7Cadelheidsalmon%40somoj.com%7Cemail_code; path=/; expires=Tue, 05 Sep 2045 18:46:02 GMT; secure; SameSite=Lax
Etag: W/"aa5fccf1aeedfbb824f84d6669071355"
Cache-Control: max-age=0, private, must-revalidate
Server-Timing: runtime;desc="Application Runtime";dur=223, requestId;desc="6680b78a-6469-4fcd-acb8-da95ade587eb";dur=0
X-Request-Id: 6680b78a-6469-4fcd-acb8-da95ade587eb
X-Runtime: 0.222512
Vary: Accept, Origin
Vary: accept-encoding
Strict-Transport-Security: max-age=31536000; includeSubDomains; preload
Cf-Cache-Status: DYNAMIC
Server: cloudflare
Cf-Ray: 97a7e316ddad5bce-TUN
Alt-Svc: h3=":443"; ma=86400

{"data":{"createUserSessionFromVerificationCode":{"token":"v2.3fafb1b29cb3d0.9DmSwvi6sF0lcqedks9OtrwE9nBpcA-xpzM16fy8sOM","expires":"2026-09-06T00:35:14Z","__typename":"UsersAuthToken"}}}]]></response>
    <comment></comment>
  </item>
  <item>
    <time>Fri Sep 05 13:45:51 CDT 2025</time>
    <url><![CDATA[https://lamichoacanameatmarket.instacart.com/graphql]]></url>
    <host ip="104.18.41.34">lamichoacanameatmarket.instacart.com</host>
    <port>443</port>
    <protocol>https</protocol>
    <method><![CDATA[POST]]></method>
    <path><![CDATA[/graphql]]></path>
    <extension>null</extension>
    <request base64="false"><![CDATA[POST /graphql HTTP/2
Host: lamichoacanameatmarket.instacart.com
Cookie: ajs_anonymous_id=ea2155a8-97ff-4b0e-b45e-39cf0739f40e; fpc_bpm=6c408fe3-8b36-4eb3-845158ee784ea186; _gcl_au=1.1.2092369738.1757096439; _scid=fThUJkdGap-1v9ZjbqZqSXFNEKdvn5uL; _sctr=1%7C1757048400000; _ga_VL5WVTXMWP=GS2.1.s1757097305$o1$g1$t1757097519$j13$l0$h0; _ga=GA1.1.206219771.1757097305; _ga_TS6NTR6J66=GS2.1.s1757097305$o1$g0$t1757097308$j57$l0$h0; shoppers_instacart_session=ZjJBblo0ODN4cW9WTDRhYmZ1MTFiNUtKeiswKy9Pa1VITGFHUXJMK2ROemk0RDJtUUJTcUtJQi9kZzYrK3NVWms1VHpqaXNYSXJacHp0c3BSaWZ5S0FqMVZrdnVwTU9QbEVyNkYxTDJyazhtQWZ6cmdYSU1odkZORG1PZGI4eUoxZHpvL3dFRyttOUxjS0tMSlRsaER3PT0tLU9pRSs5RWJKRWovYTlUSkJIajcwWWc9PQ%3D%3D--a284366cb4b21bf28cb51803cf47037da3a143fd; _ga_7JY7T788PK=GS2.1.s1757097523$o1$g1$t1757097603$j60$l0$h0; ahoy_visit=c99e7a2d-9d40-49cb-b4e2-6e639fe6cc2e; ahoy_visitor=4bf6fbc6-dd1e-46fb-80b3-348b38a425ad; __cf_bm=kITVkaBd39DAgq3Fr0jswHrvswXPz0F1mwgCjJucYyU-1757097636-1.0.1.1-0wLLpGm.7Lc755LxYKGa8XHRxrFB1FlrtrhfoXb_3eQEw_PxcU4PpSHh6cSD1y3e1ERxSARRs_hcYeAu1SOpGK3yvDbO1ov49PUj8nwwciA; build_sha=c27e69482ce558c6064666550c97cc2e857c996e; accessibleColorsEnabled=false; forterToken=f7fe3fe0a0154968b2655c5e926e2edf_1757097923561__UDF43-m9-a4_24ck_; _scid_r=jLhUJkdGap-1v9ZjbqZqSXFNEKdvn5uLKZ53jg; _uetsid=06cf2b608a8511f087a3e9c9c9f94d50; _uetvid=06cf13508a8511f0b6648300830ef8b5
User-Agent: Mozilla/5.0 (X11; Linux x86_64; rv:128.0) Gecko/20100101 Firefox/128.0
Accept: */*
Accept-Language: en-US,en;q=0.5
Accept-Encoding: gzip, deflate, br
Referer: https://lamichoacanameatmarket.instacart.com/
Content-Type: application/json
X-Client-Identifier: web
Content-Length: 2703
Origin: https://lamichoacanameatmarket.instacart.com
Sec-Fetch-Dest: empty
Sec-Fetch-Mode: cors
Sec-Fetch-Site: same-origin
Priority: u=4
Te: trailers

{"operationName":"SendVerificationCode","variables":{"identifier":"adelheidsalmon@somoj.com","identifier_type":"email","recaptcha":"0cAFcWeA6-8AZEsCFUIHUdBBctVebtjK9bWJP4BJJeD9te6d_A1jUkDAjP0kRpFwLiphqfMZ9Bhf-SMSa4EWuBshwIIRjh802JPRBxR7prrMEqZcToCvCtJB_Yuz88f0iN7Chse7q0y6ZtnSq0UxC_m6tqKw0OHeCxJH2XjO7TDvSSdQMaVggqhc5u96SEPA2iZ8UAHOngVvqcat1ilqr-ZDJr1YEdLtrz-wWpOzNorsUdMa0ibCWe6rr5Wsw1VM8tt20dokv8uu079G0xFUb57xIOqeweednYacZEkfpfCygWrCkYfUAJaMBgyZeiW6qKGVMZG3PEdkGaMt9limiyf6rOp2Ue2wVi_ZbZow_zznRwvrqRSDTN0AA4cUp-DgL9dwUKOMGcWYaCSKZdtXMiGgvoOyMJQifu44zv5xljjThWJsOCYROAG8dr6qKV4AVjoH3BLM9ZrGygaDkaW2EFEWXkDFx8qaP0zJaMY9OLhLAsNBcIHqjZLqtTLnHqbw-jVbO-WZWs962HU6j8srX-qjIPaJgVG8PqYTwAEaMUlH9CDejqNMpPajvZZW2P6Y857Dlq1HH1fnYZg8ZvX1UfYtUehgBPe8Lus0gLb_ELGqW8A7JrHGqpYwB_2ZhLSOJJJeHhn8BkdlJvjYWOi_QzUpJVvSuGAJ8pECWp6Yun6V_79HBprRx52TNuDtVjkTy9fkyhtHB8iVIHphg4Aqo1mc5Ajew1cchwNm-NdsHUlHNK_9y41LvSxfP8d074j-fCv-DDywtLZvi7-IYmG--5DMWAUsVhppDRP9YS07s7A25s4dn5OOoULgknZ-A1HulLYeacUJTkNmVyFKIcealYJjweEQBMBbGuk3DEFAafHf0m9kKV1n9M3fddZLoipPmU72Y9PrKYm-gwI0lhS5_ZKAoxJRvmSTvgoRnGIOZ-cLcY6WV4l7_gRv7G8Dm-uaMBwL0p88h5UGyicp6EH-6OECNG5UPHkxk1BbOwZhk-1q9wFg3NkH7b8GqAi1RorTqZWd7Zqw54W-oaiTDrggoySQhWLJ1ojIg4Bx1lc5AaTMT-levfpQVZxq1Wkgpj5LP5mifG48EXGfgZHyXh38AY1JKw5KoaCQy0jA7sXF3mSjZU-iP9obTcDYEyMGDc74IHXRiT889JyuPf02NzsWI_cNiAcAm9Md-x2EZwZTYTAzX7l7GTIHMVnDyebhkTiUmJSus6tDtKJElNoRYQgO1wkfojrUsv25sKr06NA4e_6Gbou3iqxvzw53lImd-M7yhJy-s7qtwKbtnV4S5kB8--oDOHssNj5trMgq3IRrJ3ntpV_-kxeXRqEg-CcaMtK9ZVDaMjLlPMku0zWpPZ0h2sqo7TwHVoaYxJ-BXn1fBSEKKnxAkV9NN1DgWXQLAait5iL6RlTa68MRfK8pP17zLg5us5VGYVAfMIwIOUH-DzvxWLQhpa4UgZ5-e_snioLRbZIcZuniSslF8YgfhHe59KF3sz4zmwb4OGeHxK2qzPyt6pxlUWOzoINck43M1FAX1IO5lmTW0og3B5Co8aRzfVRKA2J5eVnTiMtCMCZW_Bk-o4IACz2bKUdjLiLA08vIYhNK65IoF9RCTkGfjWTIo2C36ksLni6_WJ9sXVuJor2dlqyWUyuwU9vyIcIILmrIOzGDgUOu5Ucqsp_EC1Bdkb2pRrPf-rQMMRGrM14vG9OSx52cQ7ar_sV0rSn9WhU8JKDGyLzn_6CMXWB8nMUDgmUlg-VsGzAlBAEBckcX2AQW_11gJ_gfW5cBO9Re54aGVwNbQfmVIQ3ty7a4vSl212aCIxa1pv7pmkd8deBfFhq6ap71_MxZ8ZvBKUzSQ0H6JHfIBwUUmGdlzKRgf14zBOrZCGmP2PwWXSxwbyK0byCcSkrTIeWk5uMGtats_h1UkhV1RV33YszZMV4_IUWz_EqO5-uYgn5QMBpdOeUus0zgkNl3q-krGuu-Z8dZ1umv9x8SU4wJAd735gzSCpGclhz-AwDDOHY1sHQ_AkCFfE4u2Bu7SNAqiwkBm_5Iqb19cV0k114NfFOtGdiVp4lhN4F6OuFEQVcMO7Z-RtPAjo7629Z1i63peuQKDYaWlatxU0lZbdtyyVUrh6m2jJz102763NfXTjwjqXKepcNa5yzAHlLyIDXTYWUMYYM_G3kxSEA3lnB9UvwKZzCZAs_p82z4fYUyEwtVRU_rVZ-_w1kcAo06ZNFawK643dkTaWB3zZOld8K6B-sjHzOLpIVxpuiQwve4_efPuocjiPZhN6MD-E-1EnnwfNi-BaWCgfh9HUxIDEskbrLre8S6oZSmKEY_WW94RTGC6xWkfjeSJN3bZoFH-p2IXetLIEtewrpEyFm07BkgTnr3y2OHfKJAyR8CxcCWH3QEZgPQ","requestType":"loginRequestInitiated"},"extensions":{"persistedQuery":{"version":1,"sha256Hash":"bd4977087761e2699642f0536902eac2c9673aec6c262893ba549073301b6316"}}}]]></request>
    <status>200</status>
    <responselength>1284</responselength>
    <mimetype>JSON</mimetype>
    <response base64="false"><![CDATA[HTTP/2 200 OK
Date: Fri, 05 Sep 2025 18:45:51 GMT
Content-Type: application/json; charset=utf-8
Access-Control-Allow-Origin: https://lamichoacanameatmarket.instacart.com
Access-Control-Allow-Methods: GET, POST, PUT, PATCH, DELETE, OPTIONS, HEAD
Access-Control-Expose-Headers: 
Access-Control-Max-Age: 7200
X-Frame-Options: SAMEORIGIN
X-Xss-Protection: 1; mode=block
X-Content-Type-Options: nosniff
X-Download-Options: noopen
X-Permitted-Cross-Domain-Policies: none
Referrer-Policy: strict-origin-when-cross-origin
Set-Cookie: ahoy_visit=c99e7a2d-9d40-49cb-b4e2-6e639fe6cc2e; path=/; expires=Fri, 05 Sep 2025 22:45:51 GMT; SameSite=Lax
Etag: W/"a2e6ffd53078c319ac90340ac9eef853"
Cache-Control: max-age=0, private, must-revalidate
Server-Timing: runtime;desc="Application Runtime";dur=160, requestId;desc="2c8ae352-c4a4-45d7-b57b-4376c6a50447";dur=0
X-Request-Id: 2c8ae352-c4a4-45d7-b57b-4376c6a50447
X-Runtime: 0.161123
Vary: Accept, Origin
Vary: accept-encoding
Strict-Transport-Security: max-age=31536000; includeSubDomains; preload
Cf-Cache-Status: DYNAMIC
Server: cloudflare
Cf-Ray: 97a7e2d4b9295bce-TUN
Alt-Svc: h3=":443"; ma=86400

{"data":{"sendVerificationCode":{"nextCodeAt":"2025-09-05T18:46:07Z","__typename":"UsersSendVerificationCodeResponse"}}}]]></response>
    <comment></comment>
  </item>
  <item>
    <time>Fri Sep 05 13:46:24 CDT 2025</time>
    <url><![CDATA[https://lamichoacanameatmarket.instacart.com/graphql]]></url>
    <host ip="104.18.41.34">lamichoacanameatmarket.instacart.com</host>
    <port>443</port>
    <protocol>https</protocol>
    <method><![CDATA[POST]]></method>
    <path><![CDATA[/graphql]]></path>
    <extension>null</extension>
    <request base64="false"><![CDATA[POST /graphql HTTP/2
Host: lamichoacanameatmarket.instacart.com
Cookie: ajs_anonymous_id=ea2155a8-97ff-4b0e-b45e-39cf0739f40e; fpc_bpm=6c408fe3-8b36-4eb3-845158ee784ea186; _gcl_au=1.1.2092369738.1757096439; _scid=fThUJkdGap-1v9ZjbqZqSXFNEKdvn5uL; _sctr=1%7C1757048400000; _ga_VL5WVTXMWP=GS2.1.s1757097305$o1$g1$t1757097519$j13$l0$h0; _ga=GA1.1.206219771.1757097305; _ga_TS6NTR6J66=GS2.1.s1757097305$o1$g0$t1757097308$j57$l0$h0; shoppers_instacart_session=ZjJBblo0ODN4cW9WTDRhYmZ1MTFiNUtKeiswKy9Pa1VITGFHUXJMK2ROemk0RDJtUUJTcUtJQi9kZzYrK3NVWms1VHpqaXNYSXJacHp0c3BSaWZ5S0FqMVZrdnVwTU9QbEVyNkYxTDJyazhtQWZ6cmdYSU1odkZORG1PZGI4eUoxZHpvL3dFRyttOUxjS0tMSlRsaER3PT0tLU9pRSs5RWJKRWovYTlUSkJIajcwWWc9PQ%3D%3D--a284366cb4b21bf28cb51803cf47037da3a143fd; _ga_7JY7T788PK=GS2.1.s1757097523$o1$g1$t1757097603$j60$l0$h0; ahoy_visit=c99e7a2d-9d40-49cb-b4e2-6e639fe6cc2e; ahoy_visitor=4bf6fbc6-dd1e-46fb-80b3-348b38a425ad; __cf_bm=kITVkaBd39DAgq3Fr0jswHrvswXPz0F1mwgCjJucYyU-1757097636-1.0.1.1-0wLLpGm.7Lc755LxYKGa8XHRxrFB1FlrtrhfoXb_3eQEw_PxcU4PpSHh6cSD1y3e1ERxSARRs_hcYeAu1SOpGK3yvDbO1ov49PUj8nwwciA; build_sha=c27e69482ce558c6064666550c97cc2e857c996e; accessibleColorsEnabled=false; forterToken=f7fe3fe0a0154968b2655c5e926e2edf_1757097973894__UDF43-m4_24ck_; _scid_r=jLhUJkdGap-1v9ZjbqZqSXFNEKdvn5uLKZ53jg; _uetsid=06cf2b608a8511f087a3e9c9c9f94d50; _uetvid=06cf13508a8511f0b6648300830ef8b5; __Host-instacart_sid=v2.3fafb1b29cb3d0.9DmSwvi6sF0lcqedks9OtrwE9nBpcA-xpzM16fy8sOM; known_visitor=%7Cadelheidsalmon%40somoj.com%7Cemail_code; X-IC-bcx=1; aws-waf-token=a338d369-ef0a-49cc-a2f4-d8fb10e9df1c:EQoAjv+CilH2AAAA:JjgTyKY3qmSddHHXgyvPXPUL7h6DqNdVGaqcquM9VjzAGjo8RE8q0DpqX+RPVQkVhbW9huD/OhCr6SgrU1hLK5zInhA1q0dRdg5Fp4/JQaA+yYxiA3V3uuzb+8IHTgAn0Fi6zgCs3XVc/YJ/V8Ssn6xlu2XeM+Mrs+NGEW82a8pC+qrCCnMltd25xyCq0ino30wJ3w15Fbmy659bKhnnPMeZSQfw; _dd_s=logs=0&expire=1757098874705; ajs_user_id=17926101273457616
User-Agent: Mozilla/5.0 (X11; Linux x86_64; rv:128.0) Gecko/20100101 Firefox/128.0
Accept: */*
Accept-Language: en-US,en;q=0.5
Accept-Encoding: gzip, deflate, br
Referer: https://lamichoacanameatmarket.instacart.com/store/la-michoacana-meat-market/storefront
Content-Type: application/json
X-Client-Identifier: web
X-Page-View-Id: b312d70a-ee4e-5434-b023-b90f4d4f4d2c
Content-Length: 224
Origin: https://lamichoacanameatmarket.instacart.com
Sec-Fetch-Dest: empty
Sec-Fetch-Mode: cors
Sec-Fetch-Site: same-origin
Priority: u=4
Te: trailers

{"operationName":"VisitShop","variables":{"shopId":"53963","postalCode":"77084","addressId":null},"extensions":{"persistedQuery":{"version":1,"sha256Hash":"d2845e5f0022f6d080bf14cd78dbcce9be2a277f12c468e7c43ff0d99a78e77a"}}}]]></request>
    <status>200</status>
    <responselength>1246</responselength>
    <mimetype>JSON</mimetype>
    <response base64="false"><![CDATA[HTTP/2 200 OK
Date: Fri, 05 Sep 2025 18:46:24 GMT
Content-Type: application/json; charset=utf-8
Access-Control-Allow-Origin: https://lamichoacanameatmarket.instacart.com
Access-Control-Allow-Methods: GET, POST, PUT, PATCH, DELETE, OPTIONS, HEAD
Access-Control-Expose-Headers: 
Access-Control-Max-Age: 7200
X-Frame-Options: SAMEORIGIN
X-Xss-Protection: 1; mode=block
X-Content-Type-Options: nosniff
X-Download-Options: noopen
X-Permitted-Cross-Domain-Policies: none
Referrer-Policy: strict-origin-when-cross-origin
Set-Cookie: ahoy_visit=c99e7a2d-9d40-49cb-b4e2-6e639fe6cc2e; path=/; expires=Fri, 05 Sep 2025 22:46:24 GMT; SameSite=Lax
Etag: W/"6caaa5837f65525f76855f5dcc4ecf3b"
Cache-Control: max-age=0, private, must-revalidate
Server-Timing: runtime;desc="Application Runtime";dur=102, requestId;desc="01dba714-6c01-4c89-871f-9417b343ecb5";dur=0
X-Request-Id: 01dba714-6c01-4c89-871f-9417b343ecb5
X-Runtime: 0.101856
Vary: Accept, Origin
Vary: accept-encoding
Strict-Transport-Security: max-age=31536000; includeSubDomains; preload
Cf-Cache-Status: DYNAMIC
Server: cloudflare
Cf-Ray: 97a7e3a05ff35bce-TUN
Alt-Svc: h3=":443"; ma=86400

{"data":{"visitShop":{"id":"f0878204","__typename":"RetailersVisitShopResponse"}}}]]></response>
    <comment></comment>
  </item>
  <item>
    <time>Fri Sep 05 13:46:41 CDT 2025</time>
    <url><![CDATA[https://lamichoacanameatmarket.instacart.com/graphql]]></url>
    <host ip="104.18.41.34">lamichoacanameatmarket.instacart.com</host>
    <port>443</port>
    <protocol>https</protocol>
    <method><![CDATA[POST]]></method>
    <path><![CDATA[/graphql]]></path>
    <extension>null</extension>
    <request base64="false"><![CDATA[POST /graphql HTTP/2
Host: lamichoacanameatmarket.instacart.com
Cookie: ajs_anonymous_id=ea2155a8-97ff-4b0e-b45e-39cf0739f40e; fpc_bpm=6c408fe3-8b36-4eb3-845158ee784ea186; _gcl_au=1.1.2092369738.1757096439; _scid=fThUJkdGap-1v9ZjbqZqSXFNEKdvn5uL; _sctr=1%7C1757048400000; _ga_VL5WVTXMWP=GS2.1.s1757097305$o1$g1$t1757097519$j13$l0$h0; _ga=GA1.1.206219771.1757097305; _ga_TS6NTR6J66=GS2.1.s1757097305$o1$g0$t1757097308$j57$l0$h0; shoppers_instacart_session=ZjJBblo0ODN4cW9WTDRhYmZ1MTFiNUtKeiswKy9Pa1VITGFHUXJMK2ROemk0RDJtUUJTcUtJQi9kZzYrK3NVWms1VHpqaXNYSXJacHp0c3BSaWZ5S0FqMVZrdnVwTU9QbEVyNkYxTDJyazhtQWZ6cmdYSU1odkZORG1PZGI4eUoxZHpvL3dFRyttOUxjS0tMSlRsaER3PT0tLU9pRSs5RWJKRWovYTlUSkJIajcwWWc9PQ%3D%3D--a284366cb4b21bf28cb51803cf47037da3a143fd; _ga_7JY7T788PK=GS2.1.s1757097523$o1$g1$t1757097603$j60$l0$h0; ahoy_visit=c99e7a2d-9d40-49cb-b4e2-6e639fe6cc2e; ahoy_visitor=4bf6fbc6-dd1e-46fb-80b3-348b38a425ad; __cf_bm=kITVkaBd39DAgq3Fr0jswHrvswXPz0F1mwgCjJucYyU-1757097636-1.0.1.1-0wLLpGm.7Lc755LxYKGa8XHRxrFB1FlrtrhfoXb_3eQEw_PxcU4PpSHh6cSD1y3e1ERxSARRs_hcYeAu1SOpGK3yvDbO1ov49PUj8nwwciA; build_sha=8a2505c5fca456e691ae5b53d9bde44cc0c73c77; accessibleColorsEnabled=false; forterToken=f7fe3fe0a0154968b2655c5e926e2edf_1757097973894__UDF43-m4_24ck_; _scid_r=jLhUJkdGap-1v9ZjbqZqSXFNEKdvn5uLKZ53jg; _uetsid=06cf2b608a8511f087a3e9c9c9f94d50; _uetvid=06cf13508a8511f0b6648300830ef8b5; __Host-instacart_sid=v2.3fafb1b29cb3d0.9DmSwvi6sF0lcqedks9OtrwE9nBpcA-xpzM16fy8sOM; known_visitor=%7Cadelheidsalmon%40somoj.com%7Cemail_code; X-IC-bcx=1; aws-waf-token=a338d369-ef0a-49cc-a2f4-d8fb10e9df1c:EQoAjv+CilH2AAAA:JjgTyKY3qmSddHHXgyvPXPUL7h6DqNdVGaqcquM9VjzAGjo8RE8q0DpqX+RPVQkVhbW9huD/OhCr6SgrU1hLK5zInhA1q0dRdg5Fp4/JQaA+yYxiA3V3uuzb+8IHTgAn0Fi6zgCs3XVc/YJ/V8Ssn6xlu2XeM+Mrs+NGEW82a8pC+qrCCnMltd25xyCq0ino30wJ3w15Fbmy659bKhnnPMeZSQfw; _dd_s=logs=0&expire=1757098897936; ajs_user_id=17926101273457616; __stripe_mid=6c9fc8d2-ee45-42c9-94ec-f47eab4b785e04efe9; __stripe_sid=7a931703-8d0a-49c2-8415-1dc5f6b3908d0fb532; _instacart_session_id=VzFpUU9DMHRRRDdPa3V6N0tNQVcxYk5pWG9zQnBTdGdZdisyNW9ITzU3ejEvVVNQOGkxN05vUnNPT0FlSS9TZTIvTnRPQXIvbUprK20yciswNmVWc3Ezc3pFSEJaTGl4ZXEwbmJUUExIbXFUWXlOMXB4K0VQb212YVkzOHh4aVpleHNUMjcxVVRqdGMxVUZCSnNkSllBPT0tLVptUWRLZFg2dk9iRnN5VmpwRmFDaEE9PQ%3D%3D--87be80ea9fa3b31bdf502be9e9b77bf5338b6a7a
User-Agent: Mozilla/5.0 (X11; Linux x86_64; rv:128.0) Gecko/20100101 Firefox/128.0
Accept: */*
Accept-Language: en-US,en;q=0.5
Accept-Encoding: gzip, deflate, br
Referer: https://lamichoacanameatmarket.instacart.com/store/la-michoacana-meat-market/storefront
Content-Type: application/json
X-Client-Identifier: web
X-Page-View-Id: b312d70a-ee4e-5434-b023-b90f4d4f4d2c
Content-Length: 257
Origin: https://lamichoacanameatmarket.instacart.com
Sec-Fetch-Dest: empty
Sec-Fetch-Mode: cors
Sec-Fetch-Site: same-origin
Priority: u=4
Te: trailers

{"operationName":"CreateProfilingRecord","variables":{"sessionId":"953e927a-3da4-46fb-81e5-cd43758df552","profilingPoint":"login"},"extensions":{"persistedQuery":{"version":1,"sha256Hash":"202150ce735e6072a9261c98542cd3bb7a975986e538765d6480479e8539fa33"}}}]]></request>
    <status>200</status>
    <responselength>1276</responselength>
    <mimetype>JSON</mimetype>
    <response base64="false"><![CDATA[HTTP/2 200 OK
Date: Fri, 05 Sep 2025 18:46:41 GMT
Content-Type: application/json; charset=utf-8
Access-Control-Allow-Origin: https://lamichoacanameatmarket.instacart.com
Access-Control-Allow-Methods: GET, POST, PUT, PATCH, DELETE, OPTIONS, HEAD
Access-Control-Expose-Headers: 
Access-Control-Max-Age: 7200
X-Frame-Options: SAMEORIGIN
X-Xss-Protection: 1; mode=block
X-Content-Type-Options: nosniff
X-Download-Options: noopen
X-Permitted-Cross-Domain-Policies: none
Referrer-Policy: strict-origin-when-cross-origin
Set-Cookie: ahoy_visit=c99e7a2d-9d40-49cb-b4e2-6e639fe6cc2e; path=/; expires=Fri, 05 Sep 2025 22:46:40 GMT; SameSite=Lax
Etag: W/"13bc90184af8400f991f159f01379964"
Cache-Control: max-age=0, private, must-revalidate
Server-Timing: runtime;desc="Application Runtime";dur=62, requestId;desc="822869dd-f8af-4fca-972b-f91755ec0a0b";dur=0
X-Request-Id: 822869dd-f8af-4fca-972b-f91755ec0a0b
X-Runtime: 0.062872
Vary: Accept, Origin
Vary: accept-encoding
Strict-Transport-Security: max-age=31536000; includeSubDomains; preload
Cf-Cache-Status: DYNAMIC
Server: cloudflare
Cf-Ray: 97a7e40878285bd0-TUN
Alt-Svc: h3=":443"; ma=86400

{"data":{"createThreatmetrixResponse":{"id":"7241aa6d","success":true,"__typename":"UsersThreatmetrixResponse"}}}]]></response>
    <comment></comment>
  </item>
  <item>
    <time>Fri Sep 05 13:40:57 CDT 2025</time>
    <url><![CDATA[https://lamichoacanameatmarket.instacart.com/graphql?operationName=AvailableRetailerLocationsServices&variables=%7B%22postalCode%22%3A%2210010%22%2C%22retailerIds%22%3A%5B%221253%22%5D%7D&extensions=%7B%22persistedQuery%22%3A%7B%22version%22%3A1%2C%22sha256Hash%22%3A%228fe3916cf8caa5035aee12427f69b12d41597e195b14399a548d7a9e615e11dd%22%7D%7D]]></url>
    <host ip="104.18.41.34">lamichoacanameatmarket.instacart.com</host>
    <port>443</port>
    <protocol>https</protocol>
    <method><![CDATA[GET]]></method>
    <path><![CDATA[/graphql?operationName=AvailableRetailerLocationsServices&variables=%7B%22postalCode%22%3A%2210010%22%2C%22retailerIds%22%3A%5B%221253%22%5D%7D&extensions=%7B%22persistedQuery%22%3A%7B%22version%22%3A1%2C%22sha256Hash%22%3A%228fe3916cf8caa5035aee12427f69b12d41597e195b14399a548d7a9e615e11dd%22%7D%7D]]></path>
    <extension>null</extension>
    <request base64="false"><![CDATA[GET /graphql?operationName=AvailableRetailerLocationsServices&variables=%7B%22postalCode%22%3A%2210010%22%2C%22retailerIds%22%3A%5B%221253%22%5D%7D&extensions=%7B%22persistedQuery%22%3A%7B%22version%22%3A1%2C%22sha256Hash%22%3A%228fe3916cf8caa5035aee12427f69b12d41597e195b14399a548d7a9e615e11dd%22%7D%7D HTTP/2
Host: lamichoacanameatmarket.instacart.com
Cookie: ajs_anonymous_id=ea2155a8-97ff-4b0e-b45e-39cf0739f40e; fpc_bpm=6c408fe3-8b36-4eb3-845158ee784ea186; _gcl_au=1.1.2092369738.1757096439; _scid=fThUJkdGap-1v9ZjbqZqSXFNEKdvn5uL; _sctr=1%7C1757048400000; _scid_r=erhUJkdGap-1v9ZjbqZqSXFNEKdvn5uLKZ53jA; _uetsid=06cf2b608a8511f087a3e9c9c9f94d50; _uetvid=06cf13508a8511f0b6648300830ef8b5; _ga_VL5WVTXMWP=GS2.1.s1757097305$o1$g1$t1757097519$j13$l0$h0; _ga=GA1.1.206219771.1757097305; _ga_TS6NTR6J66=GS2.1.s1757097305$o1$g0$t1757097308$j57$l0$h0; shoppers_instacart_session=ZjJBblo0ODN4cW9WTDRhYmZ1MTFiNUtKeiswKy9Pa1VITGFHUXJMK2ROemk0RDJtUUJTcUtJQi9kZzYrK3NVWms1VHpqaXNYSXJacHp0c3BSaWZ5S0FqMVZrdnVwTU9QbEVyNkYxTDJyazhtQWZ6cmdYSU1odkZORG1PZGI4eUoxZHpvL3dFRyttOUxjS0tMSlRsaER3PT0tLU9pRSs5RWJKRWovYTlUSkJIajcwWWc9PQ%3D%3D--a284366cb4b21bf28cb51803cf47037da3a143fd; _ga_7JY7T788PK=GS2.1.s1757097523$o1$g1$t1757097603$j60$l0$h0; ahoy_visit=c99e7a2d-9d40-49cb-b4e2-6e639fe6cc2e; ahoy_visitor=4bf6fbc6-dd1e-46fb-80b3-348b38a425ad; __cf_bm=kITVkaBd39DAgq3Fr0jswHrvswXPz0F1mwgCjJucYyU-1757097636-1.0.1.1-0wLLpGm.7Lc755LxYKGa8XHRxrFB1FlrtrhfoXb_3eQEw_PxcU4PpSHh6cSD1y3e1ERxSARRs_hcYeAu1SOpGK3yvDbO1ov49PUj8nwwciA; build_sha=c27e69482ce558c6064666550c97cc2e857c996e
User-Agent: Mozilla/5.0 (X11; Linux x86_64; rv:128.0) Gecko/20100101 Firefox/128.0
Accept: */*
Accept-Language: en-US,en;q=0.5
Accept-Encoding: gzip, deflate, br
Referer: https://lamichoacanameatmarket.instacart.com/
Content-Type: application/json
X-Client-Identifier: web
Sec-Fetch-Dest: empty
Sec-Fetch-Mode: cors
Sec-Fetch-Site: same-origin
Priority: u=0
Te: trailers

]]></request>
    <status>200</status>
    <responselength>1126</responselength>
    <mimetype>JSON</mimetype>
    <response base64="false"><![CDATA[HTTP/2 200 OK
Date: Fri, 05 Sep 2025 18:40:57 GMT
Content-Type: application/json; charset=utf-8
X-Frame-Options: SAMEORIGIN
X-Xss-Protection: 1; mode=block
X-Content-Type-Options: nosniff
X-Download-Options: noopen
X-Permitted-Cross-Domain-Policies: none
Referrer-Policy: strict-origin-when-cross-origin
Set-Cookie: ahoy_visit=c99e7a2d-9d40-49cb-b4e2-6e639fe6cc2e; path=/; expires=Fri, 05 Sep 2025 22:40:57 GMT; SameSite=Lax
Etag: W/"7218f8218bc4d7454be8498b4aed1334"
Cache-Control: max-age=0, private, must-revalidate
Server-Timing: runtime;desc="Application Runtime";dur=16, requestId;desc="21fd9fac-77be-42d6-a244-e854542cfdf4";dur=0
X-Request-Id: 21fd9fac-77be-42d6-a244-e854542cfdf4
X-Runtime: 0.016535
Vary: Accept, Origin
Vary: accept-encoding
Strict-Transport-Security: max-age=31536000; includeSubDomains; preload
Cf-Cache-Status: DYNAMIC
Server: cloudflare
Cf-Ray: 97a7dba6cb085bd0-TUN
Alt-Svc: h3=":443"; ma=86400

{"data":{"availableRetailerLocationsServices":null},"errors":[{"message":"Not Authenticated","locations":[{"line":2,"column":3}],"path":["availableRetailerLocationsServices"]}]}]]></response>
    <comment></comment>
  </item>
  <item>
    <time>Fri Sep 05 13:40:53 CDT 2025</time>
    <url><![CDATA[https://lamichoacanameatmarket.instacart.com/graphql?operationName=AvailableRetailerLocationsServices&variables=%7B%22postalCode%22%3A%2210010101%22%2C%22retailerIds%22%3A%5B%221253%22%5D%7D&extensions=%7B%22persistedQuery%22%3A%7B%22version%22%3A1%2C%22sha256Hash%22%3A%228fe3916cf8caa5035aee12427f69b12d41597e195b14399a548d7a9e615e11dd%22%7D%7D]]></url>
    <host ip="104.18.41.34">lamichoacanameatmarket.instacart.com</host>
    <port>443</port>
    <protocol>https</protocol>
    <method><![CDATA[GET]]></method>
    <path><![CDATA[/graphql?operationName=AvailableRetailerLocationsServices&variables=%7B%22postalCode%22%3A%2210010101%22%2C%22retailerIds%22%3A%5B%221253%22%5D%7D&extensions=%7B%22persistedQuery%22%3A%7B%22version%22%3A1%2C%22sha256Hash%22%3A%228fe3916cf8caa5035aee12427f69b12d41597e195b14399a548d7a9e615e11dd%22%7D%7D]]></path>
    <extension>null</extension>
    <request base64="false"><![CDATA[GET /graphql?operationName=AvailableRetailerLocationsServices&variables=%7B%22postalCode%22%3A%2210010101%22%2C%22retailerIds%22%3A%5B%221253%22%5D%7D&extensions=%7B%22persistedQuery%22%3A%7B%22version%22%3A1%2C%22sha256Hash%22%3A%228fe3916cf8caa5035aee12427f69b12d41597e195b14399a548d7a9e615e11dd%22%7D%7D HTTP/2
Host: lamichoacanameatmarket.instacart.com
Cookie: ajs_anonymous_id=ea2155a8-97ff-4b0e-b45e-39cf0739f40e; fpc_bpm=6c408fe3-8b36-4eb3-845158ee784ea186; _gcl_au=1.1.2092369738.1757096439; _scid=fThUJkdGap-1v9ZjbqZqSXFNEKdvn5uL; _sctr=1%7C1757048400000; _scid_r=erhUJkdGap-1v9ZjbqZqSXFNEKdvn5uLKZ53jA; _uetsid=06cf2b608a8511f087a3e9c9c9f94d50; _uetvid=06cf13508a8511f0b6648300830ef8b5; _ga_VL5WVTXMWP=GS2.1.s1757097305$o1$g1$t1757097519$j13$l0$h0; _ga=GA1.1.206219771.1757097305; _ga_TS6NTR6J66=GS2.1.s1757097305$o1$g0$t1757097308$j57$l0$h0; shoppers_instacart_session=ZjJBblo0ODN4cW9WTDRhYmZ1MTFiNUtKeiswKy9Pa1VITGFHUXJMK2ROemk0RDJtUUJTcUtJQi9kZzYrK3NVWms1VHpqaXNYSXJacHp0c3BSaWZ5S0FqMVZrdnVwTU9QbEVyNkYxTDJyazhtQWZ6cmdYSU1odkZORG1PZGI4eUoxZHpvL3dFRyttOUxjS0tMSlRsaER3PT0tLU9pRSs5RWJKRWovYTlUSkJIajcwWWc9PQ%3D%3D--a284366cb4b21bf28cb51803cf47037da3a143fd; _ga_7JY7T788PK=GS2.1.s1757097523$o1$g1$t1757097603$j60$l0$h0; ahoy_visit=c99e7a2d-9d40-49cb-b4e2-6e639fe6cc2e; ahoy_visitor=4bf6fbc6-dd1e-46fb-80b3-348b38a425ad; __cf_bm=kITVkaBd39DAgq3Fr0jswHrvswXPz0F1mwgCjJucYyU-1757097636-1.0.1.1-0wLLpGm.7Lc755LxYKGa8XHRxrFB1FlrtrhfoXb_3eQEw_PxcU4PpSHh6cSD1y3e1ERxSARRs_hcYeAu1SOpGK3yvDbO1ov49PUj8nwwciA; build_sha=c27e69482ce558c6064666550c97cc2e857c996e
User-Agent: Mozilla/5.0 (X11; Linux x86_64; rv:128.0) Gecko/20100101 Firefox/128.0
Accept: */*
Accept-Language: en-US,en;q=0.5
Accept-Encoding: gzip, deflate, br
Referer: https://lamichoacanameatmarket.instacart.com/
Content-Type: application/json
X-Client-Identifier: web
Sec-Fetch-Dest: empty
Sec-Fetch-Mode: cors
Sec-Fetch-Site: same-origin
Priority: u=0
Te: trailers

]]></request>
    <status>200</status>
    <responselength>1126</responselength>
    <mimetype>JSON</mimetype>
    <response base64="false"><![CDATA[HTTP/2 200 OK
Date: Fri, 05 Sep 2025 18:40:53 GMT
Content-Type: application/json; charset=utf-8
X-Frame-Options: SAMEORIGIN
X-Xss-Protection: 1; mode=block
X-Content-Type-Options: nosniff
X-Download-Options: noopen
X-Permitted-Cross-Domain-Policies: none
Referrer-Policy: strict-origin-when-cross-origin
Set-Cookie: ahoy_visit=c99e7a2d-9d40-49cb-b4e2-6e639fe6cc2e; path=/; expires=Fri, 05 Sep 2025 22:40:53 GMT; SameSite=Lax
Etag: W/"7218f8218bc4d7454be8498b4aed1334"
Cache-Control: max-age=0, private, must-revalidate
Server-Timing: runtime;desc="Application Runtime";dur=24, requestId;desc="e9b3022b-93a9-456a-9c41-70b44c797064";dur=0
X-Request-Id: e9b3022b-93a9-456a-9c41-70b44c797064
X-Runtime: 0.024164
Vary: Accept, Origin
Vary: accept-encoding
Strict-Transport-Security: max-age=31536000; includeSubDomains; preload
Cf-Cache-Status: DYNAMIC
Server: cloudflare
Cf-Ray: 97a7db8ad80e5bd0-TUN
Alt-Svc: h3=":443"; ma=86400

{"data":{"availableRetailerLocationsServices":null},"errors":[{"message":"Not Authenticated","locations":[{"line":2,"column":3}],"path":["availableRetailerLocationsServices"]}]}]]></response>
    <comment></comment>
  </item>
  <item>
    <time>Fri Sep 05 13:40:44 CDT 2025</time>
    <url><![CDATA[https://lamichoacanameatmarket.instacart.com/graphql?operationName=AvailableRetailerLocationsServices&variables=%7B%22postalCode%22%3A%2210111%22%2C%22retailerIds%22%3A%5B%221253%22%5D%7D&extensions=%7B%22persistedQuery%22%3A%7B%22version%22%3A1%2C%22sha256Hash%22%3A%228fe3916cf8caa5035aee12427f69b12d41597e195b14399a548d7a9e615e11dd%22%7D%7D]]></url>
    <host ip="104.18.41.34">lamichoacanameatmarket.instacart.com</host>
    <port>443</port>
    <protocol>https</protocol>
    <method><![CDATA[GET]]></method>
    <path><![CDATA[/graphql?operationName=AvailableRetailerLocationsServices&variables=%7B%22postalCode%22%3A%2210111%22%2C%22retailerIds%22%3A%5B%221253%22%5D%7D&extensions=%7B%22persistedQuery%22%3A%7B%22version%22%3A1%2C%22sha256Hash%22%3A%228fe3916cf8caa5035aee12427f69b12d41597e195b14399a548d7a9e615e11dd%22%7D%7D]]></path>
    <extension>null</extension>
    <request base64="false"><![CDATA[GET /graphql?operationName=AvailableRetailerLocationsServices&variables=%7B%22postalCode%22%3A%2210111%22%2C%22retailerIds%22%3A%5B%221253%22%5D%7D&extensions=%7B%22persistedQuery%22%3A%7B%22version%22%3A1%2C%22sha256Hash%22%3A%228fe3916cf8caa5035aee12427f69b12d41597e195b14399a548d7a9e615e11dd%22%7D%7D HTTP/2
Host: lamichoacanameatmarket.instacart.com
Cookie: ajs_anonymous_id=ea2155a8-97ff-4b0e-b45e-39cf0739f40e; fpc_bpm=6c408fe3-8b36-4eb3-845158ee784ea186; _gcl_au=1.1.2092369738.1757096439; _scid=fThUJkdGap-1v9ZjbqZqSXFNEKdvn5uL; _sctr=1%7C1757048400000; _scid_r=erhUJkdGap-1v9ZjbqZqSXFNEKdvn5uLKZ53jA; _uetsid=06cf2b608a8511f087a3e9c9c9f94d50; _uetvid=06cf13508a8511f0b6648300830ef8b5; _ga_VL5WVTXMWP=GS2.1.s1757097305$o1$g1$t1757097519$j13$l0$h0; _ga=GA1.1.206219771.1757097305; _ga_TS6NTR6J66=GS2.1.s1757097305$o1$g0$t1757097308$j57$l0$h0; shoppers_instacart_session=ZjJBblo0ODN4cW9WTDRhYmZ1MTFiNUtKeiswKy9Pa1VITGFHUXJMK2ROemk0RDJtUUJTcUtJQi9kZzYrK3NVWms1VHpqaXNYSXJacHp0c3BSaWZ5S0FqMVZrdnVwTU9QbEVyNkYxTDJyazhtQWZ6cmdYSU1odkZORG1PZGI4eUoxZHpvL3dFRyttOUxjS0tMSlRsaER3PT0tLU9pRSs5RWJKRWovYTlUSkJIajcwWWc9PQ%3D%3D--a284366cb4b21bf28cb51803cf47037da3a143fd; _ga_7JY7T788PK=GS2.1.s1757097523$o1$g1$t1757097603$j60$l0$h0; ahoy_visit=c99e7a2d-9d40-49cb-b4e2-6e639fe6cc2e; ahoy_track=true; ahoy_visitor=4bf6fbc6-dd1e-46fb-80b3-348b38a425ad; __cf_bm=kITVkaBd39DAgq3Fr0jswHrvswXPz0F1mwgCjJucYyU-1757097636-1.0.1.1-0wLLpGm.7Lc755LxYKGa8XHRxrFB1FlrtrhfoXb_3eQEw_PxcU4PpSHh6cSD1y3e1ERxSARRs_hcYeAu1SOpGK3yvDbO1ov49PUj8nwwciA
User-Agent: Mozilla/5.0 (X11; Linux x86_64; rv:128.0) Gecko/20100101 Firefox/128.0
Accept: */*
Accept-Language: en-US,en;q=0.5
Accept-Encoding: gzip, deflate, br
Referer: https://lamichoacanameatmarket.instacart.com/
Content-Type: application/json
X-Client-Identifier: web
Sec-Fetch-Dest: empty
Sec-Fetch-Mode: cors
Sec-Fetch-Site: same-origin
Priority: u=0
Te: trailers

]]></request>
    <status>200</status>
    <responselength>1126</responselength>
    <mimetype>JSON</mimetype>
    <response base64="false"><![CDATA[HTTP/2 200 OK
Date: Fri, 05 Sep 2025 18:40:44 GMT
Content-Type: application/json; charset=utf-8
X-Frame-Options: SAMEORIGIN
X-Xss-Protection: 1; mode=block
X-Content-Type-Options: nosniff
X-Download-Options: noopen
X-Permitted-Cross-Domain-Policies: none
Referrer-Policy: strict-origin-when-cross-origin
Set-Cookie: ahoy_visit=c99e7a2d-9d40-49cb-b4e2-6e639fe6cc2e; path=/; expires=Fri, 05 Sep 2025 22:40:44 GMT; SameSite=Lax
Etag: W/"7218f8218bc4d7454be8498b4aed1334"
Cache-Control: max-age=0, private, must-revalidate
Server-Timing: runtime;desc="Application Runtime";dur=39, requestId;desc="516a3323-4a70-4732-979b-54efcbc064bd";dur=0
X-Request-Id: 516a3323-4a70-4732-979b-54efcbc064bd
X-Runtime: 0.038483
Vary: Accept, Origin
Vary: accept-encoding
Strict-Transport-Security: max-age=31536000; includeSubDomains; preload
Cf-Cache-Status: DYNAMIC
Server: cloudflare
Cf-Ray: 97a7db515e5e5bd0-TUN
Alt-Svc: h3=":443"; ma=86400

{"data":{"availableRetailerLocationsServices":null},"errors":[{"message":"Not Authenticated","locations":[{"line":2,"column":3}],"path":["availableRetailerLocationsServices"]}]}]]></response>
    <comment></comment>
  </item>
  <item>
    <time>Fri Sep 05 13:45:45 CDT 2025</time>
    <url><![CDATA[https://lamichoacanameatmarket.instacart.com/graphql?operationName=AvailableRetailerLocationsServices&variables=%7B%22postalCode%22%3A%22ADELHEIDSALMON%40SOMOJ.COM%22%2C%22retailerIds%22%3A%5B%221253%22%5D%7D&extensions=%7B%22persistedQuery%22%3A%7B%22version%22%3A1%2C%22sha256Hash%22%3A%228fe3916cf8caa5035aee12427f69b12d41597e195b14399a548d7a9e615e11dd%22%7D%7D]]></url>
    <host ip="104.18.41.34">lamichoacanameatmarket.instacart.com</host>
    <port>443</port>
    <protocol>https</protocol>
    <method><![CDATA[GET]]></method>
    <path><![CDATA[/graphql?operationName=AvailableRetailerLocationsServices&variables=%7B%22postalCode%22%3A%22ADELHEIDSALMON%40SOMOJ.COM%22%2C%22retailerIds%22%3A%5B%221253%22%5D%7D&extensions=%7B%22persistedQuery%22%3A%7B%22version%22%3A1%2C%22sha256Hash%22%3A%228fe3916cf8caa5035aee12427f69b12d41597e195b14399a548d7a9e615e11dd%22%7D%7D]]></path>
    <extension>null</extension>
    <request base64="false"><![CDATA[GET /graphql?operationName=AvailableRetailerLocationsServices&variables=%7B%22postalCode%22%3A%22ADELHEIDSALMON%40SOMOJ.COM%22%2C%22retailerIds%22%3A%5B%221253%22%5D%7D&extensions=%7B%22persistedQuery%22%3A%7B%22version%22%3A1%2C%22sha256Hash%22%3A%228fe3916cf8caa5035aee12427f69b12d41597e195b14399a548d7a9e615e11dd%22%7D%7D HTTP/2
Host: lamichoacanameatmarket.instacart.com
Cookie: ajs_anonymous_id=ea2155a8-97ff-4b0e-b45e-39cf0739f40e; fpc_bpm=6c408fe3-8b36-4eb3-845158ee784ea186; _gcl_au=1.1.2092369738.1757096439; _scid=fThUJkdGap-1v9ZjbqZqSXFNEKdvn5uL; _sctr=1%7C1757048400000; _ga_VL5WVTXMWP=GS2.1.s1757097305$o1$g1$t1757097519$j13$l0$h0; _ga=GA1.1.206219771.1757097305; _ga_TS6NTR6J66=GS2.1.s1757097305$o1$g0$t1757097308$j57$l0$h0; shoppers_instacart_session=ZjJBblo0ODN4cW9WTDRhYmZ1MTFiNUtKeiswKy9Pa1VITGFHUXJMK2ROemk0RDJtUUJTcUtJQi9kZzYrK3NVWms1VHpqaXNYSXJacHp0c3BSaWZ5S0FqMVZrdnVwTU9QbEVyNkYxTDJyazhtQWZ6cmdYSU1odkZORG1PZGI4eUoxZHpvL3dFRyttOUxjS0tMSlRsaER3PT0tLU9pRSs5RWJKRWovYTlUSkJIajcwWWc9PQ%3D%3D--a284366cb4b21bf28cb51803cf47037da3a143fd; _ga_7JY7T788PK=GS2.1.s1757097523$o1$g1$t1757097603$j60$l0$h0; ahoy_visit=c99e7a2d-9d40-49cb-b4e2-6e639fe6cc2e; ahoy_visitor=4bf6fbc6-dd1e-46fb-80b3-348b38a425ad; __cf_bm=kITVkaBd39DAgq3Fr0jswHrvswXPz0F1mwgCjJucYyU-1757097636-1.0.1.1-0wLLpGm.7Lc755LxYKGa8XHRxrFB1FlrtrhfoXb_3eQEw_PxcU4PpSHh6cSD1y3e1ERxSARRs_hcYeAu1SOpGK3yvDbO1ov49PUj8nwwciA; build_sha=c27e69482ce558c6064666550c97cc2e857c996e; accessibleColorsEnabled=false; forterToken=f7fe3fe0a0154968b2655c5e926e2edf_1757097923561__UDF43-m9-a4_24ck_; _scid_r=jLhUJkdGap-1v9ZjbqZqSXFNEKdvn5uLKZ53jg; _uetsid=06cf2b608a8511f087a3e9c9c9f94d50; _uetvid=06cf13508a8511f0b6648300830ef8b5
User-Agent: Mozilla/5.0 (X11; Linux x86_64; rv:128.0) Gecko/20100101 Firefox/128.0
Accept: */*
Accept-Language: en-US,en;q=0.5
Accept-Encoding: gzip, deflate, br
Referer: https://lamichoacanameatmarket.instacart.com/
Content-Type: application/json
X-Client-Identifier: web
Sec-Fetch-Dest: empty
Sec-Fetch-Mode: cors
Sec-Fetch-Site: same-origin
Priority: u=0
Te: trailers

]]></request>
    <status>200</status>
    <responselength>1128</responselength>
    <mimetype>JSON</mimetype>
    <response base64="false"><![CDATA[HTTP/2 200 OK
Date: Fri, 05 Sep 2025 18:45:45 GMT
Content-Type: application/json; charset=utf-8
X-Frame-Options: SAMEORIGIN
X-Xss-Protection: 1; mode=block
X-Content-Type-Options: nosniff
X-Download-Options: noopen
X-Permitted-Cross-Domain-Policies: none
Referrer-Policy: strict-origin-when-cross-origin
Set-Cookie: ahoy_visit=c99e7a2d-9d40-49cb-b4e2-6e639fe6cc2e; path=/; expires=Fri, 05 Sep 2025 22:45:45 GMT; SameSite=Lax
Etag: W/"c945f5a1348cbb4839a597e04c11f1bc"
Cache-Control: max-age=0, private, must-revalidate
Server-Timing: runtime;desc="Application Runtime";dur=23, requestId;desc="c4a46481-6a24-4542-b53d-52db9fbbfe64";dur=0
X-Request-Id: c4a46481-6a24-4542-b53d-52db9fbbfe64
X-Runtime: 0.023960
Vary: Accept, Origin
Vary: accept-encoding
Strict-Transport-Security: max-age=31536000; includeSubDomains; preload
Cf-Cache-Status: DYNAMIC
Server: cloudflare
Cf-Ray: 97a7e2af9aaa5bce-TUN
Alt-Svc: h3=":443"; ma=86400

{"data":{"availableRetailerLocationsServices":null},"errors":[{"message":"Invalid postal code","locations":[{"line":2,"column":3}],"path":["availableRetailerLocationsServices"]}]}]]></response>
    <comment></comment>
  </item>
  <item>
    <time>Fri Sep 05 13:46:25 CDT 2025</time>
    <url><![CDATA[https://lamichoacanameatmarket.instacart.com/graphql?operationName=AvailableRetailerServices&variables=%7B%22postalCode%22%3A%2277084%22%2C%22orderBy%22%3A%22UNSORTED%22%7D&extensions=%7B%22persistedQuery%22%3A%7B%22version%22%3A1%2C%22sha256Hash%22%3A%224520049dcd07cf94194ab992612fd4bfd40a3fee5dada86593fb4eb3fc495b01%22%7D%7D]]></url>
    <host ip="104.18.41.34">lamichoacanameatmarket.instacart.com</host>
    <port>443</port>
    <protocol>https</protocol>
    <method><![CDATA[GET]]></method>
    <path><![CDATA[/graphql?operationName=AvailableRetailerServices&variables=%7B%22postalCode%22%3A%2277084%22%2C%22orderBy%22%3A%22UNSORTED%22%7D&extensions=%7B%22persistedQuery%22%3A%7B%22version%22%3A1%2C%22sha256Hash%22%3A%224520049dcd07cf94194ab992612fd4bfd40a3fee5dada86593fb4eb3fc495b01%22%7D%7D]]></path>
    <extension>null</extension>
    <request base64="false"><![CDATA[GET /graphql?operationName=AvailableRetailerServices&variables=%7B%22postalCode%22%3A%2277084%22%2C%22orderBy%22%3A%22UNSORTED%22%7D&extensions=%7B%22persistedQuery%22%3A%7B%22version%22%3A1%2C%22sha256Hash%22%3A%224520049dcd07cf94194ab992612fd4bfd40a3fee5dada86593fb4eb3fc495b01%22%7D%7D HTTP/2
Host: lamichoacanameatmarket.instacart.com
Cookie: ajs_anonymous_id=ea2155a8-97ff-4b0e-b45e-39cf0739f40e; fpc_bpm=6c408fe3-8b36-4eb3-845158ee784ea186; _gcl_au=1.1.2092369738.1757096439; _scid=fThUJkdGap-1v9ZjbqZqSXFNEKdvn5uL; _sctr=1%7C1757048400000; _ga_VL5WVTXMWP=GS2.1.s1757097305$o1$g1$t1757097519$j13$l0$h0; _ga=GA1.1.206219771.1757097305; _ga_TS6NTR6J66=GS2.1.s1757097305$o1$g0$t1757097308$j57$l0$h0; shoppers_instacart_session=ZjJBblo0ODN4cW9WTDRhYmZ1MTFiNUtKeiswKy9Pa1VITGFHUXJMK2ROemk0RDJtUUJTcUtJQi9kZzYrK3NVWms1VHpqaXNYSXJacHp0c3BSaWZ5S0FqMVZrdnVwTU9QbEVyNkYxTDJyazhtQWZ6cmdYSU1odkZORG1PZGI4eUoxZHpvL3dFRyttOUxjS0tMSlRsaER3PT0tLU9pRSs5RWJKRWovYTlUSkJIajcwWWc9PQ%3D%3D--a284366cb4b21bf28cb51803cf47037da3a143fd; _ga_7JY7T788PK=GS2.1.s1757097523$o1$g1$t1757097603$j60$l0$h0; ahoy_visit=c99e7a2d-9d40-49cb-b4e2-6e639fe6cc2e; ahoy_visitor=4bf6fbc6-dd1e-46fb-80b3-348b38a425ad; __cf_bm=kITVkaBd39DAgq3Fr0jswHrvswXPz0F1mwgCjJucYyU-1757097636-1.0.1.1-0wLLpGm.7Lc755LxYKGa8XHRxrFB1FlrtrhfoXb_3eQEw_PxcU4PpSHh6cSD1y3e1ERxSARRs_hcYeAu1SOpGK3yvDbO1ov49PUj8nwwciA; build_sha=c27e69482ce558c6064666550c97cc2e857c996e; accessibleColorsEnabled=false; forterToken=f7fe3fe0a0154968b2655c5e926e2edf_1757097973894__UDF43-m4_24ck_; _scid_r=jLhUJkdGap-1v9ZjbqZqSXFNEKdvn5uLKZ53jg; _uetsid=06cf2b608a8511f087a3e9c9c9f94d50; _uetvid=06cf13508a8511f0b6648300830ef8b5; __Host-instacart_sid=v2.3fafb1b29cb3d0.9DmSwvi6sF0lcqedks9OtrwE9nBpcA-xpzM16fy8sOM; known_visitor=%7Cadelheidsalmon%40somoj.com%7Cemail_code; X-IC-bcx=1; aws-waf-token=a338d369-ef0a-49cc-a2f4-d8fb10e9df1c:EQoAjv+CilH2AAAA:JjgTyKY3qmSddHHXgyvPXPUL7h6DqNdVGaqcquM9VjzAGjo8RE8q0DpqX+RPVQkVhbW9huD/OhCr6SgrU1hLK5zInhA1q0dRdg5Fp4/JQaA+yYxiA3V3uuzb+8IHTgAn0Fi6zgCs3XVc/YJ/V8Ssn6xlu2XeM+Mrs+NGEW82a8pC+qrCCnMltd25xyCq0ino30wJ3w15Fbmy659bKhnnPMeZSQfw; _dd_s=logs=0&expire=1757098874705; ajs_user_id=17926101273457616; __stripe_mid=6c9fc8d2-ee45-42c9-94ec-f47eab4b785e04efe9; __stripe_sid=7a931703-8d0a-49c2-8415-1dc5f6b3908d0fb532
User-Agent: Mozilla/5.0 (X11; Linux x86_64; rv:128.0) Gecko/20100101 Firefox/128.0
Accept: */*
Accept-Language: en-US,en;q=0.5
Accept-Encoding: gzip, deflate, br
Referer: https://lamichoacanameatmarket.instacart.com/store/la-michoacana-meat-market/storefront
Content-Type: application/json
X-Client-Identifier: web
X-Page-View-Id: b312d70a-ee4e-5434-b023-b90f4d4f4d2c
Sec-Fetch-Dest: empty
Sec-Fetch-Mode: cors
Sec-Fetch-Site: same-origin
Priority: u=4
Te: trailers

]]></request>
    <status>200</status>
    <responselength>4736</responselength>
    <mimetype>JSON</mimetype>
    <response base64="false"><![CDATA[HTTP/2 200 OK
Date: Fri, 05 Sep 2025 18:46:25 GMT
Content-Type: application/json; charset=utf-8
X-Frame-Options: SAMEORIGIN
X-Xss-Protection: 1; mode=block
X-Content-Type-Options: nosniff
X-Download-Options: noopen
X-Permitted-Cross-Domain-Policies: none
Referrer-Policy: strict-origin-when-cross-origin
Set-Cookie: ahoy_visit=c99e7a2d-9d40-49cb-b4e2-6e639fe6cc2e; path=/; expires=Fri, 05 Sep 2025 22:46:24 GMT; SameSite=Lax
Etag: W/"d76cdf3ed736b16a5f877d28b54a43db"
Cache-Control: max-age=0, private, must-revalidate
Server-Timing: runtime;desc="Application Runtime";dur=196, requestId;desc="75a557fd-7083-49ea-bc4d-32e85d0af791";dur=0
X-Request-Id: 75a557fd-7083-49ea-bc4d-32e85d0af791
X-Runtime: 0.196185
Vary: Accept, Origin
Vary: accept-encoding
Strict-Transport-Security: max-age=31536000; includeSubDomains; preload
Cf-Cache-Status: DYNAMIC
Server: cloudflare
Cf-Ray: 97a7e3a44c7b5bce-TUN
Alt-Svc: h3=":443"; ma=86400

{"data":{"availableRetailerServices":[{"viewSection":{"id":"retailers_response_backed:8d40555e:available_retailer:e5caa46e","alwaysOpenString":null,"pickupString":null,"deliveryString":"Delivery","seeAllString":null,"badge":null,"lastOrderedAtAgoString":null,"lastVisitedAtAgoString":null,"attrPriceParityString":null,"deliveryEta":{"id":"retailers_response_backed:8d40555e:available_retailer:e5caa46e:delivery_eta","etaTemplateString":"{eta_string}","etaString":"Delivery by 2:30pm","etaVariant":"faster","iconVariant":"speed","textColor":"brandPrimaryRegular","condensedEtaString":"By 2:30pm","__typename":"RetailersResponseBackedDeliveryEtaSection"},"pickupOnlyString":null,"storeAttributes":[],"pickupStoreAttributes":[],"addressWithMorePickupLocationsString":null,"enableInlineBadgeVariant":"false","showCategoryDescriptorVariant":"true","storeCategories":[{"id":"retailers_response_backed:8d40555e:available_retailer:e5caa46e:store_categories:a435c9a5","categoryString":"Groceries","__typename":"RetailersResponseBackedStoreCategoriesSection"}],"orderMinimumString":null,"__typename":"RetailersResponseBackedAvailableRetailerSection"},"pickupEta":null,"alwaysOpen":false,"alcoholAllowed":true,"retailerId":"1253","retailer":{"id":"1253","name":"La Michoacana Meat Market","categories":["grocery","readymeals","gifts","latin"],"homeCategories":["grocery","local"],"slug":"la-michoacana-meat-market","retailerType":"Grocery - Local/Specialty","logoBackgroundColorHex":"#FFFFFF","viewSection":{"id":"retailers_response_backed:a3341a0e:retailer:1253","logoImage":{"id":"24e10c23","url":"https://www.instacart.com/assets/domains/warehouse/logo/1253/a19e2a7d-a67e-4788-8029-c36aef55b06c.png","templateUrl":"https://www.instacart.com/image-server/{width=}x{height=}/www.instacart.com/assets/domains/warehouse/logo/1253/a19e2a7d-a67e-4788-8029-c36aef55b06c.png","__typename":"Image"},"storeMenu":{"id":"retailers_response_backed:a3341a0e:retailer:1253:store_menu","storeMenuMeals":null,"__typename":"RetailersResponseBackedStoreMenuSection"},"navigationReferences":[],"storeBuyItAgainVariant":"visible","marketplaceVariant":"standard","backgroundColorHex":"#000000","backgroundImage":{"id":"f465eb0f","url":"https://www.instacart.com/assets/domains/warehouse/background_image/1253/bad5207f-7ae7-4e5b-b821-1780fe48684e.jpg","templateUrl":"https://www.instacart.com/image-server/{width=}x{height=}/www.instacart.com/assets/domains/warehouse/background_image/1253/bad5207f-7ae7-4e5b-b821-1780fe48684e.jpg","__typename":"Image"},"retailerTypeImage":{"id":"d8b5ddb3","url":"https://www.instacart.com/assets/retailer_types/grocery_local_specialty-46af18b59d23ef372e6447c7c25950d8ab858bf8fa0b28c66dd1759c36cd0123.jpg","templateUrl":"https://www.instacart.com/image-server/{width=}x{height=}/www.instacart.com/assets/retailer_types/grocery_local_specialty-46af18b59d23ef372e6447c7c25950d8ab858bf8fa0b28c66dd1759c36cd0123.jpg","__typename":"Image"},"__typename":"RetailersResponseBackedRetailerSection"},"__typename":"RetailersRetailer"},"moduleRetailerRankings":{"id":"1253","retailerOrdersRank":null,"newStoresRank":null,"storesOpenLateRank":null,"boostedRetailersRank":null,"__typename":"RetailersModuleRetailerRankings"},"lastVisitedAt":"2025-09-05T18:46:24Z","lastOrderedAt":null,"lastServiceType":"delivery","promoted":false,"services":["delivery"],"pickupDistance":null,"smartServiceAreaType":"postalCode","deliveryEta":2615,"deliveryRetailerLocationId":null,"__typename":"RetailerServices"}]},"extensions":{"cacheControl":{"version":1,"hints":[{"maxAge":900,"scope":"PRIVATE","path":["availableRetailerServices"]},{"maxAge":1,"scope":"PRIVATE","path":["availableRetailerServices",0,"lastVisitedAt"]},{"maxAge":1,"scope":"PRIVATE","path":["availableRetailerServices",0,"lastOrderedAt"]}]}}}]]></response>
    <comment></comment>
  </item>
  <item>
    <time>Fri Sep 05 13:56:29 CDT 2025</time>
    <url><![CDATA[https://lamichoacanameatmarket.instacart.com/graphql?operationName=CartSignaledEta&variables=%7B%22cartId%22%3A%2211935581283%22%2C%22subtotal%22%3A%7B%22amount%22%3A0%2C%22currencyCode%22%3A%22USD%22%7D%2C%22retailerInventorySessionToken%22%3A%22v1.58e5910.17926101273457616-77084-02982x19565-1-1253-40286-1-0%22%2C%22addressId%22%3A%22%22%2C%22postalCode%22%3A%2277084%22%2C%22pageType%22%3A%22storefrontHeader%22%7D&extensions=%7B%22persistedQuery%22%3A%7B%22version%22%3A1%2C%22sha256Hash%22%3A%22a44db5aa879575488202e5032de8e0f8818f908e8e161aa9c98e60476754934a%22%7D%7D]]></url>
    <host ip="104.18.41.34">lamichoacanameatmarket.instacart.com</host>
    <port>443</port>
    <protocol>https</protocol>
    <method><![CDATA[GET]]></method>
    <path><![CDATA[/graphql?operationName=CartSignaledEta&variables=%7B%22cartId%22%3A%2211935581283%22%2C%22subtotal%22%3A%7B%22amount%22%3A0%2C%22currencyCode%22%3A%22USD%22%7D%2C%22retailerInventorySessionToken%22%3A%22v1.58e5910.17926101273457616-77084-02982x19565-1-1253-40286-1-0%22%2C%22addressId%22%3A%22%22%2C%22postalCode%22%3A%2277084%22%2C%22pageType%22%3A%22storefrontHeader%22%7D&extensions=%7B%22persistedQuery%22%3A%7B%22version%22%3A1%2C%22sha256Hash%22%3A%22a44db5aa879575488202e5032de8e0f8818f908e8e161aa9c98e60476754934a%22%7D%7D]]></path>
    <extension>null</extension>
    <request base64="false"><![CDATA[GET /graphql?operationName=CartSignaledEta&variables=%7B%22cartId%22%3A%2211935581283%22%2C%22subtotal%22%3A%7B%22amount%22%3A0%2C%22currencyCode%22%3A%22USD%22%7D%2C%22retailerInventorySessionToken%22%3A%22v1.58e5910.17926101273457616-77084-02982x19565-1-1253-40286-1-0%22%2C%22addressId%22%3A%22%22%2C%22postalCode%22%3A%2277084%22%2C%22pageType%22%3A%22storefrontHeader%22%7D&extensions=%7B%22persistedQuery%22%3A%7B%22version%22%3A1%2C%22sha256Hash%22%3A%22a44db5aa879575488202e5032de8e0f8818f908e8e161aa9c98e60476754934a%22%7D%7D HTTP/2
Host: lamichoacanameatmarket.instacart.com
Cookie: ajs_anonymous_id=ea2155a8-97ff-4b0e-b45e-39cf0739f40e; fpc_bpm=6c408fe3-8b36-4eb3-845158ee784ea186; _gcl_au=1.1.2092369738.1757096439; _scid=fThUJkdGap-1v9ZjbqZqSXFNEKdvn5uL; _sctr=1%7C1757048400000; _ga_VL5WVTXMWP=GS2.1.s1757097305$o1$g1$t1757097519$j13$l0$h0; _ga=GA1.1.206219771.1757097305; _ga_TS6NTR6J66=GS2.1.s1757097305$o1$g0$t1757097308$j57$l0$h0; shoppers_instacart_session=ZjJBblo0ODN4cW9WTDRhYmZ1MTFiNUtKeiswKy9Pa1VITGFHUXJMK2ROemk0RDJtUUJTcUtJQi9kZzYrK3NVWms1VHpqaXNYSXJacHp0c3BSaWZ5S0FqMVZrdnVwTU9QbEVyNkYxTDJyazhtQWZ6cmdYSU1odkZORG1PZGI4eUoxZHpvL3dFRyttOUxjS0tMSlRsaER3PT0tLU9pRSs5RWJKRWovYTlUSkJIajcwWWc9PQ%3D%3D--a284366cb4b21bf28cb51803cf47037da3a143fd; _ga_7JY7T788PK=GS2.1.s1757097523$o1$g1$t1757097603$j60$l0$h0; ahoy_visit=c99e7a2d-9d40-49cb-b4e2-6e639fe6cc2e; ahoy_visitor=4bf6fbc6-dd1e-46fb-80b3-348b38a425ad; __cf_bm=kITVkaBd39DAgq3Fr0jswHrvswXPz0F1mwgCjJucYyU-1757097636-1.0.1.1-0wLLpGm.7Lc755LxYKGa8XHRxrFB1FlrtrhfoXb_3eQEw_PxcU4PpSHh6cSD1y3e1ERxSARRs_hcYeAu1SOpGK3yvDbO1ov49PUj8nwwciA; build_sha=8a2505c5fca456e691ae5b53d9bde44cc0c73c77; accessibleColorsEnabled=false; forterToken=f7fe3fe0a0154968b2655c5e926e2edf_1757098551140__UDF43_24ck_; __Host-instacart_sid=v2.3fafb1b29cb3d0.9DmSwvi6sF0lcqedks9OtrwE9nBpcA-xpzM16fy8sOM; known_visitor=%7Cadelheidsalmon%40somoj.com%7Cemail_code; X-IC-bcx=1; _dd_s=logs=0&expire=1757098909889; ajs_user_id=17926101273457616; __stripe_mid=6c9fc8d2-ee45-42c9-94ec-f47eab4b785e04efe9; __stripe_sid=7a931703-8d0a-49c2-8415-1dc5f6b3908d0fb532; _instacart_session_id=NzBvVHc1QXR0NjFaZ09VSDlSRUd3RjE0UDhYbnZpYUdKTnZIUEdlcVh4UEV1OGJnMFFuaFRKTGtGUmNubU43SkVDZHhSYnFoWEQ4RGdNNk45UGs2Y1FJcFdncllvZERHdFB1UklXemh2VFFoNWJMaXptVDk3TWs3dWtDYmFHeDZOaEJOaGFXTzhEOVk1VFo1RUFGZ2RBPT0tLStKKzJmYTh4MTVGSWpnKzdoZVArenc9PQ%3D%3D--8a1ea4c283834d1edb517a92801092847b59e6f5; ak_bmsc=64EA26AC6BF091BE885C0A4F5633250B~000000000000000000000000000000~YAAQJV+MT0qwkfGYAQAANH80Gx21L7tHqeiuJSuF9Dni/pya80jWfFjRYUU/zsVQyeCABF/tiD18jwvGPaONBIiLo61tmU3nRho3Eod1zWVyv286wJXHO/vTDq8GQt6IPesdnkbPyjeGU7HRu+OXCISpn+A2rXvCUUEm5z4E3JW4Zs7CgdU4m+nmi3zH9mKk+qLFAk9/UxJpy75IhyrlG/7Nphx8U6cP8RxbnVpDhI3DTKwUUfFJAQQJaAxQJ//UXGxlrVSyDlZV8Ri7/2YywI8q09JQsecJ5nVExyJD/Xz5RGrbDduHujdxoo2oHofVxomkMDcT0SX+MUwQCg3wkjT6XQFTIxAF0D7WuQHI5mW01v7/ozXIvg2bIOLxZksBYiNl7uIx/EePLyEjaXSI+Oyq9p1do9DxTJOvTtTSwVZiI8ffCfTBtUHJ/H+MgdMy/Tt7U1vnVTC4rwgYf6UaAo4nwISio3dKJzU5B46PlPp+HA8WKn6HSyd9GLcGMr/O6XulMhtGyXsqjnESLwPoTT4Tiw==; bm_mi=3B82EC3A3D14F2AE53C6AADEFDF5CDF5~YAAQJV+MTzawkfGYAQAAwGo0Gx3OdASLAa8dBUD9ODopRZiZUSZautr8AszWd+h+HQg7sGkn4y54vV9afFaT12QLwwF6oHH/gHxLAAQF920QRhKIZHOL6b81bwCgPfr2FHQG6PSKtO+sUkRM+1aPQKf25Nnr8dQG3VHk2rQg8WQrAIm84xL0U1zJbxVRpoXLFGl6kLiDoQHXeFl2NNrf6EcFzHPabH1oc2H/MTuhXWxlLVMJLv6yTS4ejaODhh8xPEWyCItzjgC/w/AYmytzy1bHQ40CxXgFZy6JVehsFwFaktWLkxGp4C8xMp95WbHRErFUPxa5YuFsCwc2tiHoxxNZ4qw1UFUhJTO50XtIDw==~1; bm_sv=339C6ACE0A4AA7F78E5D6ECB724745A5~YAAQJV+MT1KwkfGYAQAAwo40Gx38motXyHbBZY0ZHC1X4W3vJH3ydpM2l9XV6u5xdywszrdvb5TvUrIZwmzvrVFA5cO26jmpXJDpz953OTs0YbMdmxSynexyzvvnsDmmMyYPJabTdxB9yrfpMBzb2FzmD6YZKdKsVqEFkYQCSDUANXjRd1r5hyuWsgx2ZKfF9x2OGUyXfo3oijuHVhXonre7+j5ACMHcxTdJ8uhcV5/gfgsAda6jAZvQGsDYeQjZRZmt~1; AMCV_98CF678254E93B1B0A4C98A5%40AdobeOrg=179643557%7CMCMID%7C32052525407141275403149641620869998195%7CMCAAMLH-1757702816%7C6%7CMCAAMB-1757702816%7C6G1ynYcLPuiQxYZrsz_pkqfLG9yMXBpb2zX5dvJdYQJzPXImdj0y%7CMCOPTOUT-1757105216s%7CNONE%7CvVersion%7C5.5.0; AMCVS_98CF678254E93B1B0A4C98A5%40AdobeOrg=1; s_cc=true; _uetsid=06cf2b608a8511f087a3e9c9c9f94d50; _uetvid=06cf13508a8511f0b6648300830ef8b5; _scid_r=jbhUJkdGap-1v9ZjbqZqSXFNEKdvn5uLKZ53jw; aws-waf-token=a338d369-ef0a-49cc-a2f4-d8fb10e9df1c:EQoAuzKDrOIJAQAA:x0wBsGqkuKK4CYPvT7r/FcEZytXDw/eDcW/VKKVTA56ATQHPoGx/GY5V5mm+dFyCuMYZ7T78eIt6CaCBAC4M/cBhgiQXzcHogPyQ08BMmbcsrFf8gBpbzoIjOfNeCIi+b3x7ihA8Va0s2N2dHC9LIA5oBiaifUmg9BcQrGu4ot60u2k4AsRR7/bIAYXJLOmHJ+VoYO2NJUGENAQzKYpbIRMWDeoQ
User-Agent: Mozilla/5.0 (X11; Linux x86_64; rv:128.0) Gecko/20100101 Firefox/128.0
Accept: */*
Accept-Language: en-US,en;q=0.5
Accept-Encoding: gzip, deflate, br
Referer: https://lamichoacanameatmarket.instacart.com/store/la-michoacana-meat-market/storefront
Content-Type: application/json
X-Client-Identifier: web
X-Page-View-Id: b312d70a-ee4e-5434-b023-b90f4d4f4d2c
Sec-Fetch-Dest: empty
Sec-Fetch-Mode: cors
Sec-Fetch-Site: same-origin
If-None-Match: W/"20600e507284168d9a38cad73343dcba"
Priority: u=4
Te: trailers

]]></request>
    <status>200</status>
    <responselength>1553</responselength>
    <mimetype>JSON</mimetype>
    <response base64="false"><![CDATA[HTTP/2 200 OK
Date: Fri, 05 Sep 2025 18:56:28 GMT
Content-Type: application/json; charset=utf-8
X-Frame-Options: SAMEORIGIN
X-Xss-Protection: 1; mode=block
X-Content-Type-Options: nosniff
X-Download-Options: noopen
X-Permitted-Cross-Domain-Policies: none
Referrer-Policy: strict-origin-when-cross-origin
Set-Cookie: ahoy_visit=c99e7a2d-9d40-49cb-b4e2-6e639fe6cc2e; path=/; expires=Fri, 05 Sep 2025 22:56:28 GMT; SameSite=Lax
Etag: W/"fd36d0b85a84b2972bbda066eb9cdb47"
Cache-Control: max-age=0, private, must-revalidate
Server-Timing: runtime;desc="Application Runtime";dur=1231, requestId;desc="71a08caf-ae58-4c71-8c13-8d859f91b777";dur=0
X-Request-Id: 71a08caf-ae58-4c71-8c13-8d859f91b777
X-Runtime: 1.230421
Vary: Accept, Origin
Vary: accept-encoding
Strict-Transport-Security: max-age=31536000; includeSubDomains; preload
Cf-Cache-Status: DYNAMIC
Set-Cookie: __cf_bm=CEpoMDCYF7mMgrBE8mg84qn8mt.b3rUckM4eLk.bxPw-1757098588-1.0.1.1-oM1qZ8IqNXDRJma4USWovDfZ.734cgEu9zTkXuMEiqETQAU.zC_jFeo_g_BfH_VBENWLsYr8TvvUhF50H2zeoBRlA5bIZKMqjd0wFbtLTbE; path=/; expires=Fri, 05-Sep-25 19:26:28 GMT; domain=.lamichoacanameatmarket.instacart.com; HttpOnly; Secure; SameSite=None
Server: cloudflare
Cf-Ray: 97a7f25bedaa5bcf-TUN
Alt-Svc: h3=":443"; ma=86400

{"data":{"cartSignaledEta":{"viewSection":{"etaString":"2:32-3:18pm","iconVariant":"speed","textColor":"brandPrimaryRegular","infoIconVariant":null,"includesServiceTypeVariant":"false","__typename":"EtaResponseBackedCartSignaledEtaSection"},"__typename":"AvailabilityCartSignaledEta"}}}]]></response>
    <comment></comment>
  </item>
  <item>
    <time>Fri Sep 05 13:56:27 CDT 2025</time>
    <url><![CDATA[https://lamichoacanameatmarket.instacart.com/graphql?operationName=CartTotals&variables=%7B%22cartId%22%3A%2211935581283%22%2C%22shopId%22%3A%2253963%22%2C%22postalCode%22%3A%2277084%22%7D&extensions=%7B%22persistedQuery%22%3A%7B%22version%22%3A1%2C%22sha256Hash%22%3A%2220b0eb3bdeeb25636b351bb2b0aa05fc3afade1b50a948a9683a471d54424629%22%7D%7D]]></url>
    <host ip="104.18.41.34">lamichoacanameatmarket.instacart.com</host>
    <port>443</port>
    <protocol>https</protocol>
    <method><![CDATA[GET]]></method>
    <path><![CDATA[/graphql?operationName=CartTotals&variables=%7B%22cartId%22%3A%2211935581283%22%2C%22shopId%22%3A%2253963%22%2C%22postalCode%22%3A%2277084%22%7D&extensions=%7B%22persistedQuery%22%3A%7B%22version%22%3A1%2C%22sha256Hash%22%3A%2220b0eb3bdeeb25636b351bb2b0aa05fc3afade1b50a948a9683a471d54424629%22%7D%7D]]></path>
    <extension>null</extension>
    <request base64="false"><![CDATA[GET /graphql?operationName=CartTotals&variables=%7B%22cartId%22%3A%2211935581283%22%2C%22shopId%22%3A%2253963%22%2C%22postalCode%22%3A%2277084%22%7D&extensions=%7B%22persistedQuery%22%3A%7B%22version%22%3A1%2C%22sha256Hash%22%3A%2220b0eb3bdeeb25636b351bb2b0aa05fc3afade1b50a948a9683a471d54424629%22%7D%7D HTTP/2
Host: lamichoacanameatmarket.instacart.com
Cookie: ajs_anonymous_id=ea2155a8-97ff-4b0e-b45e-39cf0739f40e; fpc_bpm=6c408fe3-8b36-4eb3-845158ee784ea186; _gcl_au=1.1.2092369738.1757096439; _scid=fThUJkdGap-1v9ZjbqZqSXFNEKdvn5uL; _sctr=1%7C1757048400000; _ga_VL5WVTXMWP=GS2.1.s1757097305$o1$g1$t1757097519$j13$l0$h0; _ga=GA1.1.206219771.1757097305; _ga_TS6NTR6J66=GS2.1.s1757097305$o1$g0$t1757097308$j57$l0$h0; shoppers_instacart_session=ZjJBblo0ODN4cW9WTDRhYmZ1MTFiNUtKeiswKy9Pa1VITGFHUXJMK2ROemk0RDJtUUJTcUtJQi9kZzYrK3NVWms1VHpqaXNYSXJacHp0c3BSaWZ5S0FqMVZrdnVwTU9QbEVyNkYxTDJyazhtQWZ6cmdYSU1odkZORG1PZGI4eUoxZHpvL3dFRyttOUxjS0tMSlRsaER3PT0tLU9pRSs5RWJKRWovYTlUSkJIajcwWWc9PQ%3D%3D--a284366cb4b21bf28cb51803cf47037da3a143fd; _ga_7JY7T788PK=GS2.1.s1757097523$o1$g1$t1757097603$j60$l0$h0; ahoy_visit=c99e7a2d-9d40-49cb-b4e2-6e639fe6cc2e; ahoy_visitor=4bf6fbc6-dd1e-46fb-80b3-348b38a425ad; __cf_bm=kITVkaBd39DAgq3Fr0jswHrvswXPz0F1mwgCjJucYyU-1757097636-1.0.1.1-0wLLpGm.7Lc755LxYKGa8XHRxrFB1FlrtrhfoXb_3eQEw_PxcU4PpSHh6cSD1y3e1ERxSARRs_hcYeAu1SOpGK3yvDbO1ov49PUj8nwwciA; build_sha=8a2505c5fca456e691ae5b53d9bde44cc0c73c77; accessibleColorsEnabled=false; forterToken=f7fe3fe0a0154968b2655c5e926e2edf_1757098551140__UDF43_24ck_; __Host-instacart_sid=v2.3fafb1b29cb3d0.9DmSwvi6sF0lcqedks9OtrwE9nBpcA-xpzM16fy8sOM; known_visitor=%7Cadelheidsalmon%40somoj.com%7Cemail_code; X-IC-bcx=1; _dd_s=logs=0&expire=1757098909889; ajs_user_id=17926101273457616; __stripe_mid=6c9fc8d2-ee45-42c9-94ec-f47eab4b785e04efe9; __stripe_sid=7a931703-8d0a-49c2-8415-1dc5f6b3908d0fb532; _instacart_session_id=NzBvVHc1QXR0NjFaZ09VSDlSRUd3RjE0UDhYbnZpYUdKTnZIUEdlcVh4UEV1OGJnMFFuaFRKTGtGUmNubU43SkVDZHhSYnFoWEQ4RGdNNk45UGs2Y1FJcFdncllvZERHdFB1UklXemh2VFFoNWJMaXptVDk3TWs3dWtDYmFHeDZOaEJOaGFXTzhEOVk1VFo1RUFGZ2RBPT0tLStKKzJmYTh4MTVGSWpnKzdoZVArenc9PQ%3D%3D--8a1ea4c283834d1edb517a92801092847b59e6f5; ak_bmsc=64EA26AC6BF091BE885C0A4F5633250B~000000000000000000000000000000~YAAQJV+MT0qwkfGYAQAANH80Gx21L7tHqeiuJSuF9Dni/pya80jWfFjRYUU/zsVQyeCABF/tiD18jwvGPaONBIiLo61tmU3nRho3Eod1zWVyv286wJXHO/vTDq8GQt6IPesdnkbPyjeGU7HRu+OXCISpn+A2rXvCUUEm5z4E3JW4Zs7CgdU4m+nmi3zH9mKk+qLFAk9/UxJpy75IhyrlG/7Nphx8U6cP8RxbnVpDhI3DTKwUUfFJAQQJaAxQJ//UXGxlrVSyDlZV8Ri7/2YywI8q09JQsecJ5nVExyJD/Xz5RGrbDduHujdxoo2oHofVxomkMDcT0SX+MUwQCg3wkjT6XQFTIxAF0D7WuQHI5mW01v7/ozXIvg2bIOLxZksBYiNl7uIx/EePLyEjaXSI+Oyq9p1do9DxTJOvTtTSwVZiI8ffCfTBtUHJ/H+MgdMy/Tt7U1vnVTC4rwgYf6UaAo4nwISio3dKJzU5B46PlPp+HA8WKn6HSyd9GLcGMr/O6XulMhtGyXsqjnESLwPoTT4Tiw==; bm_mi=3B82EC3A3D14F2AE53C6AADEFDF5CDF5~YAAQJV+MTzawkfGYAQAAwGo0Gx3OdASLAa8dBUD9ODopRZiZUSZautr8AszWd+h+HQg7sGkn4y54vV9afFaT12QLwwF6oHH/gHxLAAQF920QRhKIZHOL6b81bwCgPfr2FHQG6PSKtO+sUkRM+1aPQKf25Nnr8dQG3VHk2rQg8WQrAIm84xL0U1zJbxVRpoXLFGl6kLiDoQHXeFl2NNrf6EcFzHPabH1oc2H/MTuhXWxlLVMJLv6yTS4ejaODhh8xPEWyCItzjgC/w/AYmytzy1bHQ40CxXgFZy6JVehsFwFaktWLkxGp4C8xMp95WbHRErFUPxa5YuFsCwc2tiHoxxNZ4qw1UFUhJTO50XtIDw==~1; bm_sv=339C6ACE0A4AA7F78E5D6ECB724745A5~YAAQJV+MT1KwkfGYAQAAwo40Gx38motXyHbBZY0ZHC1X4W3vJH3ydpM2l9XV6u5xdywszrdvb5TvUrIZwmzvrVFA5cO26jmpXJDpz953OTs0YbMdmxSynexyzvvnsDmmMyYPJabTdxB9yrfpMBzb2FzmD6YZKdKsVqEFkYQCSDUANXjRd1r5hyuWsgx2ZKfF9x2OGUyXfo3oijuHVhXonre7+j5ACMHcxTdJ8uhcV5/gfgsAda6jAZvQGsDYeQjZRZmt~1; AMCV_98CF678254E93B1B0A4C98A5%40AdobeOrg=179643557%7CMCMID%7C32052525407141275403149641620869998195%7CMCAAMLH-1757702816%7C6%7CMCAAMB-1757702816%7C6G1ynYcLPuiQxYZrsz_pkqfLG9yMXBpb2zX5dvJdYQJzPXImdj0y%7CMCOPTOUT-1757105216s%7CNONE%7CvVersion%7C5.5.0; AMCVS_98CF678254E93B1B0A4C98A5%40AdobeOrg=1; s_cc=true; _uetsid=06cf2b608a8511f087a3e9c9c9f94d50; _uetvid=06cf13508a8511f0b6648300830ef8b5; _scid_r=jbhUJkdGap-1v9ZjbqZqSXFNEKdvn5uLKZ53jw; aws-waf-token=a338d369-ef0a-49cc-a2f4-d8fb10e9df1c:EQoAuzKDrOIJAQAA:x0wBsGqkuKK4CYPvT7r/FcEZytXDw/eDcW/VKKVTA56ATQHPoGx/GY5V5mm+dFyCuMYZ7T78eIt6CaCBAC4M/cBhgiQXzcHogPyQ08BMmbcsrFf8gBpbzoIjOfNeCIi+b3x7ihA8Va0s2N2dHC9LIA5oBiaifUmg9BcQrGu4ot60u2k4AsRR7/bIAYXJLOmHJ+VoYO2NJUGENAQzKYpbIRMWDeoQ
User-Agent: Mozilla/5.0 (X11; Linux x86_64; rv:128.0) Gecko/20100101 Firefox/128.0
Accept: */*
Accept-Language: en-US,en;q=0.5
Accept-Encoding: gzip, deflate, br
Referer: https://lamichoacanameatmarket.instacart.com/store/la-michoacana-meat-market/storefront
Content-Type: application/json
X-Client-Identifier: web
X-Page-View-Id: b312d70a-ee4e-5434-b023-b90f4d4f4d2c
X-Ic-Orders: true
Sec-Fetch-Dest: empty
Sec-Fetch-Mode: cors
Sec-Fetch-Site: same-origin
If-None-Match: W/"d95c6623bcbf88d2bfe3bf75ab5838ca"
Priority: u=4
Te: trailers

]]></request>
    <status>200</status>
    <responselength>2208</responselength>
    <mimetype>JSON</mimetype>
    <response base64="false"><![CDATA[HTTP/2 200 OK
Date: Fri, 05 Sep 2025 18:56:27 GMT
Content-Type: application/json; charset=utf-8
X-Frame-Options: SAMEORIGIN
X-Xss-Protection: 1; mode=block
X-Content-Type-Options: nosniff
X-Download-Options: noopen
X-Permitted-Cross-Domain-Policies: none
Referrer-Policy: strict-origin-when-cross-origin
Set-Cookie: ahoy_visit=c99e7a2d-9d40-49cb-b4e2-6e639fe6cc2e; path=/; expires=Fri, 05 Sep 2025 22:56:27 GMT; SameSite=Lax
Etag: W/"a5d4353dbac8d8eef9be6840dcc89e67"
Cache-Control: max-age=0, private, must-revalidate
Server-Timing: runtime;desc="Application Runtime";dur=170, requestId;desc="8601033c-86f4-4785-9466-3e94f7a3477d";dur=0
X-Request-Id: 8601033c-86f4-4785-9466-3e94f7a3477d
X-Runtime: 0.169621
Vary: Accept, Origin
Vary: accept-encoding
Strict-Transport-Security: max-age=31536000; includeSubDomains; preload
Cf-Cache-Status: DYNAMIC
Set-Cookie: __cf_bm=VkVaroge8c12_dvW4DqeRKmUJu6necCau9YAaihRIaM-1757098587-1.0.1.1-HW9jsk8niNZmOgbmtUBzoDOAx1EWvNG6plJo4SOl_ukevaYfR8tY9mqI7lK5BeyzWvfo0UCXvNPHNmlnjkrVirJpOGWzVM7Vn442_dsq3Lk; path=/; expires=Fri, 05-Sep-25 19:26:27 GMT; domain=.lamichoacanameatmarket.instacart.com; HttpOnly; Secure; SameSite=None
Server: cloudflare
Cf-Ray: 97a7f25bdda45bcf-TUN
Alt-Svc: h3=":443"; ma=86400

{"data":{"cartTotals":{"retailerTotal":{"amount":0.0,"currencyCode":"USD","__typename":"SharedMoney"},"savingsTotal":{"amount":0.0,"currencyCode":"USD","__typename":"SharedMoney"},"viewSection":{"retailerTotalString":"$0.00","undiscountedTotalString":"$0.00","savingsTotalString":"Saving $0.00","showSavingsVariant":"control","savingsFormattedAttributesString":null,"estRetailerTotalString":"Est. Total: $0.00","estRetailerTotalStringFormatted":{"sections":[{"content":"$0.00","id":"3382fe7e","name":"total","__typename":"ViewFormattedStringSection"},{"content":"Est. total","id":"288aa151","name":"estimate","__typename":"ViewFormattedStringSection"}],"__typename":"ViewFormattedString"},"estSavingsTotalStringFormatted":null,"savingsTotalDetailString":"Saving $0.00 on this order","__typename":"CartsResponseBackedCartTotalsSection"},"cartLineItems":[],"unpricedCartLineItems":[],"cartPromotionsDetails":[],"__typename":"CartsCartTotals"}}}]]></response>
    <comment></comment>
  </item>
  <item>
    <time>Fri Sep 05 13:46:24 CDT 2025</time>
    <url><![CDATA[https://lamichoacanameatmarket.instacart.com/graphql?operationName=Coachmarks&variables=%7B%22layout%22%3A%22storefront_coachmark%22%2C%22postalCode%22%3A%2277084%22%2C%22shopId%22%3A%2253963%22%7D&extensions=%7B%22persistedQuery%22%3A%7B%22version%22%3A1%2C%22sha256Hash%22%3A%22ea9cb7e72de1beeb3151b9b0dc8a17705f6d0b6dd3e924ac4f79f968893dee4b%22%7D%7D]]></url>
    <host ip="104.18.41.34">lamichoacanameatmarket.instacart.com</host>
    <port>443</port>
    <protocol>https</protocol>
    <method><![CDATA[GET]]></method>
    <path><![CDATA[/graphql?operationName=Coachmarks&variables=%7B%22layout%22%3A%22storefront_coachmark%22%2C%22postalCode%22%3A%2277084%22%2C%22shopId%22%3A%2253963%22%7D&extensions=%7B%22persistedQuery%22%3A%7B%22version%22%3A1%2C%22sha256Hash%22%3A%22ea9cb7e72de1beeb3151b9b0dc8a17705f6d0b6dd3e924ac4f79f968893dee4b%22%7D%7D]]></path>
    <extension>null</extension>
    <request base64="false"><![CDATA[GET /graphql?operationName=Coachmarks&variables=%7B%22layout%22%3A%22storefront_coachmark%22%2C%22postalCode%22%3A%2277084%22%2C%22shopId%22%3A%2253963%22%7D&extensions=%7B%22persistedQuery%22%3A%7B%22version%22%3A1%2C%22sha256Hash%22%3A%22ea9cb7e72de1beeb3151b9b0dc8a17705f6d0b6dd3e924ac4f79f968893dee4b%22%7D%7D HTTP/2
Host: lamichoacanameatmarket.instacart.com
Cookie: ajs_anonymous_id=ea2155a8-97ff-4b0e-b45e-39cf0739f40e; fpc_bpm=6c408fe3-8b36-4eb3-845158ee784ea186; _gcl_au=1.1.2092369738.1757096439; _scid=fThUJkdGap-1v9ZjbqZqSXFNEKdvn5uL; _sctr=1%7C1757048400000; _ga_VL5WVTXMWP=GS2.1.s1757097305$o1$g1$t1757097519$j13$l0$h0; _ga=GA1.1.206219771.1757097305; _ga_TS6NTR6J66=GS2.1.s1757097305$o1$g0$t1757097308$j57$l0$h0; shoppers_instacart_session=ZjJBblo0ODN4cW9WTDRhYmZ1MTFiNUtKeiswKy9Pa1VITGFHUXJMK2ROemk0RDJtUUJTcUtJQi9kZzYrK3NVWms1VHpqaXNYSXJacHp0c3BSaWZ5S0FqMVZrdnVwTU9QbEVyNkYxTDJyazhtQWZ6cmdYSU1odkZORG1PZGI4eUoxZHpvL3dFRyttOUxjS0tMSlRsaER3PT0tLU9pRSs5RWJKRWovYTlUSkJIajcwWWc9PQ%3D%3D--a284366cb4b21bf28cb51803cf47037da3a143fd; _ga_7JY7T788PK=GS2.1.s1757097523$o1$g1$t1757097603$j60$l0$h0; ahoy_visit=c99e7a2d-9d40-49cb-b4e2-6e639fe6cc2e; ahoy_visitor=4bf6fbc6-dd1e-46fb-80b3-348b38a425ad; __cf_bm=kITVkaBd39DAgq3Fr0jswHrvswXPz0F1mwgCjJucYyU-1757097636-1.0.1.1-0wLLpGm.7Lc755LxYKGa8XHRxrFB1FlrtrhfoXb_3eQEw_PxcU4PpSHh6cSD1y3e1ERxSARRs_hcYeAu1SOpGK3yvDbO1ov49PUj8nwwciA; build_sha=c27e69482ce558c6064666550c97cc2e857c996e; accessibleColorsEnabled=false; forterToken=f7fe3fe0a0154968b2655c5e926e2edf_1757097973894__UDF43-m4_24ck_; _scid_r=jLhUJkdGap-1v9ZjbqZqSXFNEKdvn5uLKZ53jg; _uetsid=06cf2b608a8511f087a3e9c9c9f94d50; _uetvid=06cf13508a8511f0b6648300830ef8b5; __Host-instacart_sid=v2.3fafb1b29cb3d0.9DmSwvi6sF0lcqedks9OtrwE9nBpcA-xpzM16fy8sOM; known_visitor=%7Cadelheidsalmon%40somoj.com%7Cemail_code; X-IC-bcx=1; aws-waf-token=a338d369-ef0a-49cc-a2f4-d8fb10e9df1c:EQoAjv+CilH2AAAA:JjgTyKY3qmSddHHXgyvPXPUL7h6DqNdVGaqcquM9VjzAGjo8RE8q0DpqX+RPVQkVhbW9huD/OhCr6SgrU1hLK5zInhA1q0dRdg5Fp4/JQaA+yYxiA3V3uuzb+8IHTgAn0Fi6zgCs3XVc/YJ/V8Ssn6xlu2XeM+Mrs+NGEW82a8pC+qrCCnMltd25xyCq0ino30wJ3w15Fbmy659bKhnnPMeZSQfw; _dd_s=logs=0&expire=1757098874705; ajs_user_id=17926101273457616
User-Agent: Mozilla/5.0 (X11; Linux x86_64; rv:128.0) Gecko/20100101 Firefox/128.0
Accept: */*
Accept-Language: en-US,en;q=0.5
Accept-Encoding: gzip, deflate, br
Referer: https://lamichoacanameatmarket.instacart.com/store/la-michoacana-meat-market/storefront
Content-Type: application/json
X-Client-Identifier: web
X-Page-View-Id: b312d70a-ee4e-5434-b023-b90f4d4f4d2c
Sec-Fetch-Dest: empty
Sec-Fetch-Mode: cors
Sec-Fetch-Site: same-origin
Priority: u=4
Te: trailers

]]></request>
    <status>200</status>
    <responselength>976</responselength>
    <mimetype>JSON</mimetype>
    <response base64="false"><![CDATA[HTTP/2 200 OK
Date: Fri, 05 Sep 2025 18:46:24 GMT
Content-Type: application/json; charset=utf-8
X-Frame-Options: SAMEORIGIN
X-Xss-Protection: 1; mode=block
X-Content-Type-Options: nosniff
X-Download-Options: noopen
X-Permitted-Cross-Domain-Policies: none
Referrer-Policy: strict-origin-when-cross-origin
Set-Cookie: ahoy_visit=c99e7a2d-9d40-49cb-b4e2-6e639fe6cc2e; path=/; expires=Fri, 05 Sep 2025 22:46:24 GMT; SameSite=Lax
Etag: W/"4f1181f8efa3df2445e0cdf92b6ea6ea"
Cache-Control: max-age=0, private, must-revalidate
Server-Timing: runtime;desc="Application Runtime";dur=104, requestId;desc="e7132884-f2ae-4187-9eda-7b85ce96990a";dur=0
X-Request-Id: e7132884-f2ae-4187-9eda-7b85ce96990a
X-Runtime: 0.104557
Vary: Accept, Origin
Vary: accept-encoding
Strict-Transport-Security: max-age=31536000; includeSubDomains; preload
Cf-Cache-Status: DYNAMIC
Server: cloudflare
Cf-Ray: 97a7e3a0e8835bce-TUN
Alt-Svc: h3=":443"; ma=86400

{"data":{"coachmarks":[]}}]]></response>
    <comment></comment>
  </item>
  <item>
    <time>Fri Sep 05 13:46:24 CDT 2025</time>
    <url><![CDATA[https://lamichoacanameatmarket.instacart.com/graphql?operationName=DefaultShop&variables=%7B%22postalCode%22%3A%2277084%22%2C%22coordinates%22%3A%7B%22latitude%22%3A29.825169%2C%22longitude%22%3A-95.650085%7D%2C%22addressId%22%3Anull%7D&extensions=%7B%22persistedQuery%22%3A%7B%22version%22%3A1%2C%22sha256Hash%22%3A%22d3ee791a74da13fbeb9f02ba5754725feab0c1c4e5ff795400a0a01b49bedd41%22%7D%7D]]></url>
    <host ip="104.18.41.34">lamichoacanameatmarket.instacart.com</host>
    <port>443</port>
    <protocol>https</protocol>
    <method><![CDATA[GET]]></method>
    <path><![CDATA[/graphql?operationName=DefaultShop&variables=%7B%22postalCode%22%3A%2277084%22%2C%22coordinates%22%3A%7B%22latitude%22%3A29.825169%2C%22longitude%22%3A-95.650085%7D%2C%22addressId%22%3Anull%7D&extensions=%7B%22persistedQuery%22%3A%7B%22version%22%3A1%2C%22sha256Hash%22%3A%22d3ee791a74da13fbeb9f02ba5754725feab0c1c4e5ff795400a0a01b49bedd41%22%7D%7D]]></path>
    <extension>null</extension>
    <request base64="false"><![CDATA[GET /graphql?operationName=DefaultShop&variables=%7B%22postalCode%22%3A%2277084%22%2C%22coordinates%22%3A%7B%22latitude%22%3A29.825169%2C%22longitude%22%3A-95.650085%7D%2C%22addressId%22%3Anull%7D&extensions=%7B%22persistedQuery%22%3A%7B%22version%22%3A1%2C%22sha256Hash%22%3A%22d3ee791a74da13fbeb9f02ba5754725feab0c1c4e5ff795400a0a01b49bedd41%22%7D%7D HTTP/2
Host: lamichoacanameatmarket.instacart.com
Cookie: ajs_anonymous_id=ea2155a8-97ff-4b0e-b45e-39cf0739f40e; fpc_bpm=6c408fe3-8b36-4eb3-845158ee784ea186; _gcl_au=1.1.2092369738.1757096439; _scid=fThUJkdGap-1v9ZjbqZqSXFNEKdvn5uL; _sctr=1%7C1757048400000; _ga_VL5WVTXMWP=GS2.1.s1757097305$o1$g1$t1757097519$j13$l0$h0; _ga=GA1.1.206219771.1757097305; _ga_TS6NTR6J66=GS2.1.s1757097305$o1$g0$t1757097308$j57$l0$h0; shoppers_instacart_session=ZjJBblo0ODN4cW9WTDRhYmZ1MTFiNUtKeiswKy9Pa1VITGFHUXJMK2ROemk0RDJtUUJTcUtJQi9kZzYrK3NVWms1VHpqaXNYSXJacHp0c3BSaWZ5S0FqMVZrdnVwTU9QbEVyNkYxTDJyazhtQWZ6cmdYSU1odkZORG1PZGI4eUoxZHpvL3dFRyttOUxjS0tMSlRsaER3PT0tLU9pRSs5RWJKRWovYTlUSkJIajcwWWc9PQ%3D%3D--a284366cb4b21bf28cb51803cf47037da3a143fd; _ga_7JY7T788PK=GS2.1.s1757097523$o1$g1$t1757097603$j60$l0$h0; ahoy_visit=c99e7a2d-9d40-49cb-b4e2-6e639fe6cc2e; ahoy_visitor=4bf6fbc6-dd1e-46fb-80b3-348b38a425ad; __cf_bm=kITVkaBd39DAgq3Fr0jswHrvswXPz0F1mwgCjJucYyU-1757097636-1.0.1.1-0wLLpGm.7Lc755LxYKGa8XHRxrFB1FlrtrhfoXb_3eQEw_PxcU4PpSHh6cSD1y3e1ERxSARRs_hcYeAu1SOpGK3yvDbO1ov49PUj8nwwciA; build_sha=c27e69482ce558c6064666550c97cc2e857c996e; accessibleColorsEnabled=false; forterToken=f7fe3fe0a0154968b2655c5e926e2edf_1757097973894__UDF43-m4_24ck_; _scid_r=jLhUJkdGap-1v9ZjbqZqSXFNEKdvn5uLKZ53jg; _uetsid=06cf2b608a8511f087a3e9c9c9f94d50; _uetvid=06cf13508a8511f0b6648300830ef8b5; __Host-instacart_sid=v2.3fafb1b29cb3d0.9DmSwvi6sF0lcqedks9OtrwE9nBpcA-xpzM16fy8sOM; known_visitor=%7Cadelheidsalmon%40somoj.com%7Cemail_code; X-IC-bcx=1; aws-waf-token=a338d369-ef0a-49cc-a2f4-d8fb10e9df1c:EQoAjv+CilH2AAAA:JjgTyKY3qmSddHHXgyvPXPUL7h6DqNdVGaqcquM9VjzAGjo8RE8q0DpqX+RPVQkVhbW9huD/OhCr6SgrU1hLK5zInhA1q0dRdg5Fp4/JQaA+yYxiA3V3uuzb+8IHTgAn0Fi6zgCs3XVc/YJ/V8Ssn6xlu2XeM+Mrs+NGEW82a8pC+qrCCnMltd25xyCq0ino30wJ3w15Fbmy659bKhnnPMeZSQfw; _dd_s=logs=0&expire=1757098874705; ajs_user_id=17926101273457616
User-Agent: Mozilla/5.0 (X11; Linux x86_64; rv:128.0) Gecko/20100101 Firefox/128.0
Accept: */*
Accept-Language: en-US,en;q=0.5
Accept-Encoding: gzip, deflate, br
Referer: https://lamichoacanameatmarket.instacart.com/store/la-michoacana-meat-market/storefront
Content-Type: application/json
X-Client-Identifier: web
X-Page-View-Id: b312d70a-ee4e-5434-b023-b90f4d4f4d2c
Sec-Fetch-Dest: empty
Sec-Fetch-Mode: cors
Sec-Fetch-Site: same-origin
Priority: u=4
Te: trailers

]]></request>
    <status>200</status>
    <responselength>2999</responselength>
    <mimetype>JSON</mimetype>
    <response base64="false"><![CDATA[HTTP/2 200 OK
Date: Fri, 05 Sep 2025 18:46:24 GMT
Content-Type: application/json; charset=utf-8
X-Frame-Options: SAMEORIGIN
X-Xss-Protection: 1; mode=block
X-Content-Type-Options: nosniff
X-Download-Options: noopen
X-Permitted-Cross-Domain-Policies: none
Referrer-Policy: strict-origin-when-cross-origin
Set-Cookie: ahoy_visit=c99e7a2d-9d40-49cb-b4e2-6e639fe6cc2e; path=/; expires=Fri, 05 Sep 2025 22:46:24 GMT; SameSite=Lax
Etag: W/"b1191d73684df43a39d186f3f9091380"
Cache-Control: max-age=0, private, must-revalidate
Server-Timing: runtime;desc="Application Runtime";dur=194, requestId;desc="5c1409fa-aa55-4bf8-aeec-2ca38033d07a";dur=0
X-Request-Id: 5c1409fa-aa55-4bf8-aeec-2ca38033d07a
X-Runtime: 0.194048
Vary: Accept, Origin
Vary: accept-encoding
Strict-Transport-Security: max-age=31536000; includeSubDomains; preload
Cf-Cache-Status: DYNAMIC
Server: cloudflare
Cf-Ray: 97a7e3a0e8855bce-TUN
Alt-Svc: h3=":443"; ma=86400

{"data":{"defaultShop":{"id":"53963","retailerInventorySessionToken":"v1.58e5910.17926101273457616-77084-02982x19565-1-1253-40286-1-0","retailer":{"id":"1253","categories":["grocery","readymeals","gifts","latin"],"homeCategories":["grocery","local"],"slug":"la-michoacana-meat-market","name":"La Michoacana Meat Market","retailerType":"Grocery - Local/Specialty","backgroundColorHex":"#000000","refreshHeaderBackgroundColorHex":"#FFFFFF","logoBackgroundColorHex":"#FFFFFF","viewSection":{"id":"retailers_response_backed:96745561:retailer:1253","nameString":"La Michoacana Meat Market","retailerCardCategories":[{"id":"retailers_response_backed:96745561:retailer:1253:retailer_card_categories:e2447351","categoryString":"Groceries","__typename":"RetailersResponseBackedRetailerCardCategoriesSection"}],"logoImage":{"id":"67b44734","altText":"La Michoacana Meat Market logo","templateUrl":"https://www.instacart.com/image-server/{width=}x{height=}/www.instacart.com/assets/domains/warehouse/logo/1253/a19e2a7d-a67e-4788-8029-c36aef55b06c.png","url":"https://www.instacart.com/assets/domains/warehouse/logo/1253/a19e2a7d-a67e-4788-8029-c36aef55b06c.png","__typename":"Image"},"trackingProperties":{"element_details":{"element_type":"retailer","retailer_details":{"retailer_id":"1253","retailer_type":"Grocery - Local/Specialty","retailer_name":"La Michoacana Meat Market","retailer_slug":"la-michoacana-meat-market"}}},"externalUrlString":null,"externalRedirectConfirmationHeaderString":null,"externalRedirectConfirmationMessageString":null,"__typename":"RetailersResponseBackedRetailerSection"},"__typename":"RetailersRetailer"},"retailerId":"1253","retailerLocationId":"40286","serviceType":"delivery","viewSection":{"id":"retailers_response_backed:030f3079:shop:53963","trackingProperties":{"warehouse_id":"1253","retailer_id":"1253","warehouse_id_list":["1253"],"service_type":"delivery","retailer_location_id":"40286"},"deliveryString":"Delivery","pickupString":"","__typename":"RetailersResponseBackedShopSection"},"__typename":"RetailersShop"}}}]]></response>
    <comment></comment>
  </item>
  <item>
    <time>Fri Sep 05 13:46:27 CDT 2025</time>
    <url><![CDATA[https://lamichoacanameatmarket.instacart.com/graphql?operationName=DisplayAdPlacement&variables=%7B%22first%22%3A5%2C%22pageViewId%22%3A%22b312d70a-ee4e-5434-b023-b90f4d4f4d2c%22%2C%22placementType%22%3A%22storefront_interleaved.v5%22%2C%22postalCode%22%3A%2277084%22%2C%22zoneId%22%3A%2293%22%2C%22shopId%22%3A%2253963%22%7D&extensions=%7B%22persistedQuery%22%3A%7B%22version%22%3A1%2C%22sha256Hash%22%3A%22f09f931a215912398b47add3703f6f94c2058606fe90c63e56adaa1849c59c5e%22%7D%7D]]></url>
    <host ip="104.18.41.34">lamichoacanameatmarket.instacart.com</host>
    <port>443</port>
    <protocol>https</protocol>
    <method><![CDATA[GET]]></method>
    <path><![CDATA[/graphql?operationName=DisplayAdPlacement&variables=%7B%22first%22%3A5%2C%22pageViewId%22%3A%22b312d70a-ee4e-5434-b023-b90f4d4f4d2c%22%2C%22placementType%22%3A%22storefront_interleaved.v5%22%2C%22postalCode%22%3A%2277084%22%2C%22zoneId%22%3A%2293%22%2C%22shopId%22%3A%2253963%22%7D&extensions=%7B%22persistedQuery%22%3A%7B%22version%22%3A1%2C%22sha256Hash%22%3A%22f09f931a215912398b47add3703f6f94c2058606fe90c63e56adaa1849c59c5e%22%7D%7D]]></path>
    <extension>null</extension>
    <request base64="false"><![CDATA[GET /graphql?operationName=DisplayAdPlacement&variables=%7B%22first%22%3A5%2C%22pageViewId%22%3A%22b312d70a-ee4e-5434-b023-b90f4d4f4d2c%22%2C%22placementType%22%3A%22storefront_interleaved.v5%22%2C%22postalCode%22%3A%2277084%22%2C%22zoneId%22%3A%2293%22%2C%22shopId%22%3A%2253963%22%7D&extensions=%7B%22persistedQuery%22%3A%7B%22version%22%3A1%2C%22sha256Hash%22%3A%22f09f931a215912398b47add3703f6f94c2058606fe90c63e56adaa1849c59c5e%22%7D%7D HTTP/2
Host: lamichoacanameatmarket.instacart.com
Cookie: ajs_anonymous_id=ea2155a8-97ff-4b0e-b45e-39cf0739f40e; fpc_bpm=6c408fe3-8b36-4eb3-845158ee784ea186; _gcl_au=1.1.2092369738.1757096439; _scid=fThUJkdGap-1v9ZjbqZqSXFNEKdvn5uL; _sctr=1%7C1757048400000; _ga_VL5WVTXMWP=GS2.1.s1757097305$o1$g1$t1757097519$j13$l0$h0; _ga=GA1.1.206219771.1757097305; _ga_TS6NTR6J66=GS2.1.s1757097305$o1$g0$t1757097308$j57$l0$h0; shoppers_instacart_session=ZjJBblo0ODN4cW9WTDRhYmZ1MTFiNUtKeiswKy9Pa1VITGFHUXJMK2ROemk0RDJtUUJTcUtJQi9kZzYrK3NVWms1VHpqaXNYSXJacHp0c3BSaWZ5S0FqMVZrdnVwTU9QbEVyNkYxTDJyazhtQWZ6cmdYSU1odkZORG1PZGI4eUoxZHpvL3dFRyttOUxjS0tMSlRsaER3PT0tLU9pRSs5RWJKRWovYTlUSkJIajcwWWc9PQ%3D%3D--a284366cb4b21bf28cb51803cf47037da3a143fd; _ga_7JY7T788PK=GS2.1.s1757097523$o1$g1$t1757097603$j60$l0$h0; ahoy_visit=c99e7a2d-9d40-49cb-b4e2-6e639fe6cc2e; ahoy_visitor=4bf6fbc6-dd1e-46fb-80b3-348b38a425ad; __cf_bm=kITVkaBd39DAgq3Fr0jswHrvswXPz0F1mwgCjJucYyU-1757097636-1.0.1.1-0wLLpGm.7Lc755LxYKGa8XHRxrFB1FlrtrhfoXb_3eQEw_PxcU4PpSHh6cSD1y3e1ERxSARRs_hcYeAu1SOpGK3yvDbO1ov49PUj8nwwciA; build_sha=c27e69482ce558c6064666550c97cc2e857c996e; accessibleColorsEnabled=false; forterToken=f7fe3fe0a0154968b2655c5e926e2edf_1757097973894__UDF43-m4_24ck_; _scid_r=jLhUJkdGap-1v9ZjbqZqSXFNEKdvn5uLKZ53jg; _uetsid=06cf2b608a8511f087a3e9c9c9f94d50; _uetvid=06cf13508a8511f0b6648300830ef8b5; __Host-instacart_sid=v2.3fafb1b29cb3d0.9DmSwvi6sF0lcqedks9OtrwE9nBpcA-xpzM16fy8sOM; known_visitor=%7Cadelheidsalmon%40somoj.com%7Cemail_code; X-IC-bcx=1; aws-waf-token=a338d369-ef0a-49cc-a2f4-d8fb10e9df1c:EQoAjv+CilH2AAAA:JjgTyKY3qmSddHHXgyvPXPUL7h6DqNdVGaqcquM9VjzAGjo8RE8q0DpqX+RPVQkVhbW9huD/OhCr6SgrU1hLK5zInhA1q0dRdg5Fp4/JQaA+yYxiA3V3uuzb+8IHTgAn0Fi6zgCs3XVc/YJ/V8Ssn6xlu2XeM+Mrs+NGEW82a8pC+qrCCnMltd25xyCq0ino30wJ3w15Fbmy659bKhnnPMeZSQfw; _dd_s=logs=0&expire=1757098874705; ajs_user_id=17926101273457616; __stripe_mid=6c9fc8d2-ee45-42c9-94ec-f47eab4b785e04efe9; __stripe_sid=7a931703-8d0a-49c2-8415-1dc5f6b3908d0fb532
User-Agent: Mozilla/5.0 (X11; Linux x86_64; rv:128.0) Gecko/20100101 Firefox/128.0
Accept: */*
Accept-Language: en-US,en;q=0.5
Accept-Encoding: gzip, deflate, br
Referer: https://lamichoacanameatmarket.instacart.com/store/la-michoacana-meat-market/storefront
Content-Type: application/json
X-Client-Identifier: web
X-Page-View-Id: b312d70a-ee4e-5434-b023-b90f4d4f4d2c
Sec-Fetch-Dest: empty
Sec-Fetch-Mode: cors
Sec-Fetch-Site: same-origin
Priority: u=4
Te: trailers

]]></request>
    <status>200</status>
    <responselength>25468</responselength>
    <mimetype>JSON</mimetype>
    <response base64="false"><![CDATA[HTTP/2 200 OK
Date: Fri, 05 Sep 2025 18:46:27 GMT
Content-Type: application/json; charset=utf-8
X-Frame-Options: SAMEORIGIN
X-Xss-Protection: 1; mode=block
X-Content-Type-Options: nosniff
X-Download-Options: noopen
X-Permitted-Cross-Domain-Policies: none
Referrer-Policy: strict-origin-when-cross-origin
Set-Cookie: ahoy_visit=c99e7a2d-9d40-49cb-b4e2-6e639fe6cc2e; path=/; expires=Fri, 05 Sep 2025 22:46:26 GMT; SameSite=Lax
Etag: W/"610930c6b35585108b09c41d9cf19f2f"
Cache-Control: max-age=0, private, must-revalidate
Server-Timing: runtime;desc="Application Runtime";dur=382, requestId;desc="15d47952-172c-4e1f-b181-d58ae2fe24cf";dur=0
X-Request-Id: 15d47952-172c-4e1f-b181-d58ae2fe24cf
X-Runtime: 0.382012
Vary: Accept, Origin
Vary: accept-encoding
Strict-Transport-Security: max-age=31536000; includeSubDomains; preload
Cf-Cache-Status: DYNAMIC
Server: cloudflare
Cf-Ray: 97a7e3af989c5bce-TUN
Alt-Svc: h3=":443"; ma=86400

{"data":{"displayAdPlacement":[{"__typename":"AdsPromotedAisle","campaignSlug":null,"brandSlug":"po1/pg-fall-football","promotedAisleLoadId":"a/01991b33-8a8a-7390-b37d-4c1bef3f1606","id":"43a8b39e-85fd-4d85-9645-92d1f22a49f1","identifier":{"id":"43a8b39e-85fd-4d85-9645-92d1f22a49f1","version":1,"__typename":"AdsDisplayCreativesIdentifiersVersionedId"},"itemIds":["items_40286-43124","items_40286-16848067"],"items":[{"id":"items_40286-43124","itemLoadId":null,"name":"Tostitos Salsa Con Queso, Medium","size":"15 oz","productId":"43124","legacyId":"1430797452","legacyV3Id":"item_1430797452","configurableProductId":null,"brandName":"tostitos","brandId":"211408","evergreenUrl":"43124-tostitos-con-queso-salsa-dip-15-oz","inStoreItemLocation":null,"retailer":{"isUltrafast":false,"__typename":"RetailersRetailer"},"dietary":{"mlDietaryAttributes":null,"mlShoppingAttributes":["pescatarian"],"viewSection":{"attributesString":null,"attributeSections":[],"attributeBadgeImage":null,"__typename":"ItemsResponseBackedDietarySection"},"__typename":"ItemsDietary"},"itemEbt":null,"itemFreshFunds":null,"itemMedicare":null,"productRating":null,"productCanonicalUrl":null,"quantityAttributesEach":{"increment":1.0,"initial":1.0,"max":500.0,"min":1.0,"quantityType":"each","selectOptions":[1.0,2.0,3.0,4.0,5.0,6.0,7.0,8.0,9.0],"defaultSelectOption":1.0,"parWeight":null,"viewSection":{"maxedOutString":"Max 500 per order","minReachedString":null,"unitAriaString":"item","unitPluralAriaString":"items","unitPluralString":"ct","unitString":"ct","iconUnitTypeVisibilityVariant":"hide","variableWeightDisclaimerString":null,"variableWeightDisclaimerLongString":null,"totalWeightEstimateTemplateString":null,"totalWeightEstimateTemplatePluralString":null,"parWeightDisplayString":null,"quantityUnitVisibilityVariant":"show","stepperUnitTypeVisibilityVariant":"hide","__typename":"ItemsResponseBackedQuantityAttributesSection"},"__typename":"ItemsQuantityAttributes"},"quantityAttributesWeight":null,"quantityAttributes":{"increment":1.0,"initial":1.0,"max":500.0,"min":1.0,"quantityType":"each","selectOptions":[1.0,2.0,3.0,4.0,5.0,6.0,7.0,8.0,9.0],"defaultSelectOption":1.0,"parWeight":null,"viewSection":{"maxedOutString":"Max 500 per order","minReachedString":null,"unitAriaString":"item","unitPluralAriaString":"items","unitPluralString":"ct","unitString":"ct","iconUnitTypeVisibilityVariant":"hide","variableWeightDisclaimerString":null,"variableWeightDisclaimerLongString":null,"totalWeightEstimateTemplateString":null,"totalWeightEstimateTemplatePluralString":null,"parWeightDisplayString":null,"quantityUnitVisibilityVariant":"show","stepperUnitTypeVisibilityVariant":"hide","__typename":"ItemsResponseBackedQuantityAttributesSection"},"__typename":"ItemsQuantityAttributes"},"availability":{"available":true,"stockLevel":"inStock","blackoutTimes":null,"viewSection":{"stockLevelLabelString":"In stock","outOfStockCtaString":null,"similarItemsActionVariant":"none","warningIconImage":null,"__typename":"AvailabilityResponseBackedAvailabilitySection"},"__typename":"ItemsAvailability"},"variantGroup":null,"variantGroupId":null,"variantDimensionValues":[],"viewSection":{"itemImage":{"altText":null,"templateUrl":"https://www.instacart.com/image-server/{width=}x{height=}/filters:fill(FFFFFF,true):format(jpg)/d2lnr5mha7bycj.cloudfront.net/product-image/file/large_1e873afe-6672-4e73-89b0-e4753e22815c.png","url":"https://d2lnr5mha7bycj.cloudfront.net/product-image/file/large_1e873afe-6672-4e73-89b0-e4753e22815c.png","__typename":"Image"},"trackingProperties":{"element_attributes":{"low_stock_label":false,"attributes":[]},"low_stock_label":false,"element_details":{"element_type":"item","product_id":"43124","retailer_id":"1253","retailer_location_id":"40286","element_id":"items_40286-43124","item_tags":[]},"on_sale_ind":{"on_sale":false,"retailer":false,"buy_one_get_one":false,"cpg_coupon":true},"product_id":"43124","external_sku_id":null,"item_id":"1430797452","stock_level":"in_stock","blackout":false,"availability_score":0.8654,"available_ind":true,"low_stock_variant":"none","restricted_for_targeting_and_sharing":false,"product_category_name":"Shelf Stable Dips","item_name":"Tostitos Salsa Con Queso, Medium","itemsview___layouts___itemsresponsebacked___item":"d31655c3-13b2-48ef-90d2-8747d37ab2c5"},"itemCardRatingVariant":"hidden","itemCardQuickAddVariant":"control","itemCardDiscountBadgeVariant":"hide","itemCardLowStockLevelVariant":"visible","itemCardPricePerUnitVariant":"hide","quantityAttributesVariant":"eachAndWeight","hideActionsOnCartItemVariant":"true","itemCardHideQuickAddPriceVariant":"show","itemCardHideSizeVariant":"show","lowStockVariant":"none","boughtXTimesString":null,"requestAddString":null,"servingSizeString":null,"itemString":"Item","retailerReferenceCodeString":null,"retailerLookupCodeString":null,"variantDimensionsString":null,"tastingNotesString":null,"rewardProgramLabelString":null,"nameStringFormatted":{"id":"4b293e5d","sections":[{"id":"cb4e17e3","name":"bodymedium2","content":"Tostitos Salsa Con Queso, Medium","__typename":"ViewFormattedStringSection"}],"__typename":"ViewFormattedString"},"taxStringFormatted":null,"fsaHsaEligibleString":null,"itemTransparentImage":null,"__typename":"ItemsResponseBackedItemSection"},"tags":[],"comboPromotions":[],"nutritionalAttributes":[{"viewSection":{"shortLabelString":"Sod","unitString":"mg","valueString":"280","__typename":"ItemsResponseBackedNutritionAttributeSection"},"__typename":"ItemsNutritionAttribute"},{"viewSection":{"shortLabelString":"Sug","unitString":"g","valueString":"1","__typename":"ItemsResponseBackedNutritionAttributeSection"},"__typename":"ItemsNutritionAttribute"},{"viewSection":{"shortLabelString":"Fat","unitString":"g","valueString":"2.5","__typename":"ItemsResponseBackedNutritionAttributeSection"},"__typename":"ItemsNutritionAttribute"},{"viewSection":{"shortLabelString":"Cal","unitString":"","valueString":"40","__typename":"ItemsResponseBackedNutritionAttributeSection"},"__typename":"ItemsNutritionAttribute"}],"__typename":"ItemsItem","price":{"id":"items_40286-43124","itemId":"items_40286-43124","debugProperties":{},"viewSection":{"badge":{"genericSaleLabelString":"Sale","actionLabelString":"See eligible items","badgeVariant":"multiUnitPromotion","offerLabelString":"Spend $40, save $8","applyCouponString":"Apply coupon","couponAppliedString":"Coupon applied","couponClippedVariant":"false","multiUnitClippablePromotionVariant":"nonClippable","eligibleItemsUxVariant":"button","offerSublabelString":null,"offerReferenceString":"452fa709-03b3-4374-a1c9-be5d2e26e88a/17907519719016916","cpgPromotionVariant":null,"basketPromotionVariant":"control","viewableTrackingEventName":"savings.client.viewport_viewable_item","promotionClipClientTrackingEventName":"savings.client.clip_coupon","promotionClickCtaClientTrackingEventName":"savings.client.click_cta","trackingProperties":{"badge_type":"multi_unit_promotion","promotion_id":"17907519719016916","discount_policy_id":"17907519719016916","promotion_candidate_id":"43731129-02b7-4349-b06a-61d6be19961a","price":"$6.19","save_amount":"Spend $40, save $8","promotion_type":"spend_promotion"},"__typename":"ItemsResponseBackedItemPriceBadgeSection"},"itemCard":{"id":"items_response_backed:d36b5b13:item_price:2f9f6215:item_card","fullPriceString":null,"priceAriaLabelString":"$6.19","pricePerUnitString":null,"priceString":"$6.19","pricingUnitSecondaryString":null,"pricingUnitString":"15 oz","trackingProperties":{"item_card_impression_id":"51574f6e-3ec9-4e51-8ae7-949c1d3ea8e2"},"discountHeaderString":null,"discountSubHeaderString":"off!","priceSuffixString":"","plainFullPriceString":null,"priceScreenReaderString":"Current price: $6.19","fullPriceScreenReaderString":null,"priceBackgroundVariant":"hide","loyaltyProgramVariant":"hide","pricingUnitConvergenceVariant":"variant","badgeVisibilityVariant":"hide","priceStringFormatted":{"id":"dee9afda","sections":[{"id":"a2ba3a63","name":"small_currency_symbol","content":"$","__typename":"ViewFormattedStringSection"},{"id":"e817b156","name":"dollar","content":"6","__typename":"ViewFormattedStringSection"},{"id":"41929ac8","name":"cents","content":"19","__typename":"ViewFormattedStringSection"}],"__typename":"ViewFormattedString"},"offerLabelStringFormatted":null,"loyaltyPriceStringFormatted":null,"nonLoyaltyPriceStringFormatted":null,"loyaltyPriceStringPositionVariant":"control","secondaryTopStringFormatted":null,"secondaryBottomStringFormatted":null,"smartDiscountFormattedAttributesString":null,"__typename":"ItemsResponseBackedItemPriceItemCardSection"},"itemDetails":{"dealAppliedLabelString":null,"dealAppliedSoFarMessageString":null,"fullPriceString":null,"mixAndMatchItemsTitleString":"Available Mix \u0026 Match items","mixAndMatchItemsVariant":"hide","priceAriaLabelString":"$6.19","priceEstimateVariant":"hide","pricePerUnitString":"$0.41/oz","priceString":"$6.19","pricingUnitSecondaryString":null,"pricingUnitString":"15 oz","saleDisclaimerString":null,"addLoyaltyCardString":null,"loyaltyProgramVariant":"hide","secondaryTopStringFormatted":null,"secondaryBottomStringFormatted":null,"__typename":"ItemsResponseBackedItemPriceItemDetailsSection"},"sizeSelector":null,"fullPriceString":null,"priceString":"$6.19","priceValueString":"6.19","currencySymbolString":"$","trackingProperties":{"product_id":"43124","price_data_source":"legacy","price":"$6.19","item_tasks":[],"on_sale_ind":{"loyalty":false},"badge_type":"multi_unit_promotion","promotion_id":"17907519719016916","promotion_event_name":"savings.client.viewport_viewable_item","save_amount":"Spend $40, save $8","promotion_type":"spend_promotion"},"__typename":"ItemsResponseBackedItemPriceSection"},"parWeightTotalEstimate":{"id":"9bf78a89","viewSection":{"parWeightString":null,"__typename":"ItemsResponseBackedParWeightTotalEstimateSection"},"__typename":"ItemsParWeightTotalEstimate"},"greatPrice":null,"__typename":"ItemsItemPrice"}},{"id":"items_40286-16848067","itemLoadId":null,"name":"Tostitos Chunky Salsa, Medium","size":"15.5 oz","productId":"16848067","legacyId":"1430989708","legacyV3Id":"item_1430989708","configurableProductId":null,"brandName":"tostitos","brandId":"211408","evergreenUrl":"16848067-tostitos-medium-chunky-salsa-dip-15-5-oz","inStoreItemLocation":null,"retailer":{"isUltrafast":false,"__typename":"RetailersRetailer"},"dietary":{"mlDietaryAttributes":null,"mlShoppingAttributes":["low_fat","low_sugar","pescatarian"],"viewSection":{"attributesString":null,"attributeSections":[{"id":"items_response_backed:10d38dee:dietary:1506d8e2:attribute_section:586ca41f","attributeString":"Paleo","iconVariant":null,"itemCardVisibilityVariant":"hide","itemDetailsVisibilityVariant":"show","colorHexString":null,"iconImage":null,"trackingProperties":{"badge_type":"dietary","badge_display_value":"Paleo","badge_id":"611"},"__typename":"ItemsResponseBackedAttributeSectionSection"}],"attributeBadgeImage":null,"__typename":"ItemsResponseBackedDietarySection"},"__typename":"ItemsDietary"},"itemEbt":null,"itemFreshFunds":null,"itemMedicare":null,"productRating":null,"productCanonicalUrl":null,"quantityAttributesEach":{"increment":1.0,"initial":1.0,"max":500.0,"min":1.0,"quantityType":"each","selectOptions":[1.0,2.0,3.0,4.0,5.0,6.0,7.0,8.0,9.0],"defaultSelectOption":1.0,"parWeight":null,"viewSection":{"maxedOutString":"Max 500 per order","minReachedString":null,"unitAriaString":"item","unitPluralAriaString":"items","unitPluralString":"ct","unitString":"ct","iconUnitTypeVisibilityVariant":"hide","variableWeightDisclaimerString":null,"variableWeightDisclaimerLongString":null,"totalWeightEstimateTemplateString":null,"totalWeightEstimateTemplatePluralString":null,"parWeightDisplayString":null,"quantityUnitVisibilityVariant":"show","stepperUnitTypeVisibilityVariant":"hide","__typename":"ItemsResponseBackedQuantityAttributesSection"},"__typename":"ItemsQuantityAttributes"},"quantityAttributesWeight":null,"quantityAttributes":{"increment":1.0,"initial":1.0,"max":500.0,"min":1.0,"quantityType":"each","selectOptions":[1.0,2.0,3.0,4.0,5.0,6.0,7.0,8.0,9.0],"defaultSelectOption":1.0,"parWeight":null,"viewSection":{"maxedOutString":"Max 500 per order","minReachedString":null,"unitAriaString":"item","unitPluralAriaString":"items","unitPluralString":"ct","unitString":"ct","iconUnitTypeVisibilityVariant":"hide","variableWeightDisclaimerString":null,"variableWeightDisclaimerLongString":null,"totalWeightEstimateTemplateString":null,"totalWeightEstimateTemplatePluralString":null,"parWeightDisplayString":null,"quantityUnitVisibilityVariant":"show","stepperUnitTypeVisibilityVariant":"hide","__typename":"ItemsResponseBackedQuantityAttributesSection"},"__typename":"ItemsQuantityAttributes"},"availability":{"available":true,"stockLevel":"highlyInStock","blackoutTimes":null,"viewSection":{"stockLevelLabelString":"Many in stock","outOfStockCtaString":null,"similarItemsActionVariant":"none","warningIconImage":{"id":"ce9b4e21","url":"https://www.instacart.com/assets/dependability/item_availability/highly_in_stock-18910a57dac5f8e2db073c800e1742558d519cc5d5b20f375efa8a495462471c.png","__typename":"Image"},"__typename":"AvailabilityResponseBackedAvailabilitySection"},"__typename":"ItemsAvailability"},"variantGroup":null,"variantGroupId":null,"variantDimensionValues":[],"viewSection":{"itemImage":{"altText":null,"templateUrl":"https://www.instacart.com/image-server/{width=}x{height=}/filters:fill(FFFFFF,true):format(jpg)/d2lnr5mha7bycj.cloudfront.net/product-image/file/large_83b089ef-b0eb-4fae-a5a8-12da08443691.png","url":"https://d2lnr5mha7bycj.cloudfront.net/product-image/file/large_83b089ef-b0eb-4fae-a5a8-12da08443691.png","__typename":"Image"},"trackingProperties":{"element_attributes":{"low_stock_label":false,"attributes":[{"id":"611","value":"paleo_diet"}]},"low_stock_label":false,"element_details":{"element_type":"item","product_id":"16848067","retailer_id":"1253","retailer_location_id":"40286","element_id":"items_40286-16848067","item_tags":[]},"on_sale_ind":{"on_sale":false,"retailer":false,"buy_one_get_one":false,"cpg_coupon":true},"product_id":"16848067","external_sku_id":null,"item_id":"1430989708","stock_level":"highly_in_stock","blackout":false,"availability_score":0.9527,"available_ind":true,"low_stock_variant":"none","restricted_for_targeting_and_sharing":false,"product_category_name":"Salsas","item_name":"Tostitos Chunky Salsa, Medium","itemsview___layouts___itemsresponsebacked___item":"9456f387-4782-422d-b30c-896b11580100"},"itemCardRatingVariant":"hidden","itemCardQuickAddVariant":"control","itemCardDiscountBadgeVariant":"hide","itemCardLowStockLevelVariant":"visible","itemCardPricePerUnitVariant":"hide","quantityAttributesVariant":"eachAndWeight","hideActionsOnCartItemVariant":"true","itemCardHideQuickAddPriceVariant":"show","itemCardHideSizeVariant":"show","lowStockVariant":"none","boughtXTimesString":null,"requestAddString":null,"servingSizeString":null,"itemString":"Item","retailerReferenceCodeString":null,"retailerLookupCodeString":null,"variantDimensionsString":null,"tastingNotesString":null,"rewardProgramLabelString":null,"nameStringFormatted":{"id":"cffcdde0","sections":[{"id":"d15bae19","name":"bodymedium2","content":"Tostitos Chunky Salsa, Medium","__typename":"ViewFormattedStringSection"}],"__typename":"ViewFormattedString"},"taxStringFormatted":null,"fsaHsaEligibleString":null,"itemTransparentImage":null,"__typename":"ItemsResponseBackedItemSection"},"tags":[],"comboPromotions":[],"nutritionalAttributes":[{"viewSection":{"shortLabelString":"Sod","unitString":"mg","valueString":"250","__typename":"ItemsResponseBackedNutritionAttributeSection"},"__typename":"ItemsNutritionAttribute"},{"viewSection":{"shortLabelString":"Sug","unitString":"g","valueString":"1","__typename":"ItemsResponseBackedNutritionAttributeSection"},"__typename":"ItemsNutritionAttribute"},{"viewSection":{"shortLabelString":"Fat","unitString":"g","valueString":"0","__typename":"ItemsResponseBackedNutritionAttributeSection"},"__typename":"ItemsNutritionAttribute"},{"viewSection":{"shortLabelString":"Cal","unitString":"","valueString":"10","__typename":"ItemsResponseBackedNutritionAttributeSection"},"__typename":"ItemsNutritionAttribute"}],"__typename":"ItemsItem","price":{"id":"items_40286-16848067","itemId":"items_40286-16848067","debugProperties":{},"viewSection":{"badge":{"genericSaleLabelString":"Sale","actionLabelString":"See eligible items","badgeVariant":"multiUnitPromotion","offerLabelString":"Spend $40, save $8","applyCouponString":"Apply coupon","couponAppliedString":"Coupon applied","couponClippedVariant":"false","multiUnitClippablePromotionVariant":"nonClippable","eligibleItemsUxVariant":"button","offerSublabelString":null,"offerReferenceString":"452fa709-03b3-4374-a1c9-be5d2e26e88a/17907519719016916","cpgPromotionVariant":null,"basketPromotionVariant":"control","viewableTrackingEventName":"savings.client.viewport_viewable_item","promotionClipClientTrackingEventName":"savings.client.clip_coupon","promotionClickCtaClientTrackingEventName":"savings.client.click_cta","trackingProperties":{"badge_type":"multi_unit_promotion","promotion_id":"17907519719016916","discount_policy_id":"17907519719016916","promotion_candidate_id":"68b5b663-56cd-43a5-9f67-61e84a6b4050","price":"$4.97","save_amount":"Spend $40, save $8","promotion_type":"spend_promotion"},"__typename":"ItemsResponseBackedItemPriceBadgeSection"},"itemCard":{"id":"items_response_backed:eef19a0b:item_price:90fcf320:item_card","fullPriceString":null,"priceAriaLabelString":"$4.97","pricePerUnitString":null,"priceString":"$4.97","pricingUnitSecondaryString":null,"pricingUnitString":"15.5 oz","trackingProperties":{"item_card_impression_id":"c2ca083e-a3c2-4e3b-a076-da49d623ffc5"},"discountHeaderString":null,"discountSubHeaderString":"off!","priceSuffixString":"","plainFullPriceString":null,"priceScreenReaderString":"Current price: $4.97","fullPriceScreenReaderString":null,"priceBackgroundVariant":"hide","loyaltyProgramVariant":"hide","pricingUnitConvergenceVariant":"variant","badgeVisibilityVariant":"hide","priceStringFormatted":{"id":"550863ef","sections":[{"id":"f9e0c6e0","name":"small_currency_symbol","content":"$","__typename":"ViewFormattedStringSection"},{"id":"80235842","name":"dollar","content":"4","__typename":"ViewFormattedStringSection"},{"id":"e1e36642","name":"cents","content":"97","__typename":"ViewFormattedStringSection"}],"__typename":"ViewFormattedString"},"offerLabelStringFormatted":null,"loyaltyPriceStringFormatted":null,"nonLoyaltyPriceStringFormatted":null,"loyaltyPriceStringPositionVariant":"control","secondaryTopStringFormatted":null,"secondaryBottomStringFormatted":null,"smartDiscountFormattedAttributesString":null,"__typename":"ItemsResponseBackedItemPriceItemCardSection"},"itemDetails":{"dealAppliedLabelString":null,"dealAppliedSoFarMessageString":null,"fullPriceString":null,"mixAndMatchItemsTitleString":"Available Mix \u0026 Match items","mixAndMatchItemsVariant":"hide","priceAriaLabelString":"$4.97","priceEstimateVariant":"hide","pricePerUnitString":"$0.32/oz","priceString":"$4.97","pricingUnitSecondaryString":null,"pricingUnitString":"15.5 oz","saleDisclaimerString":null,"addLoyaltyCardString":null,"loyaltyProgramVariant":"hide","secondaryTopStringFormatted":null,"secondaryBottomStringFormatted":null,"__typename":"ItemsResponseBackedItemPriceItemDetailsSection"},"sizeSelector":null,"fullPriceString":null,"priceString":"$4.97","priceValueString":"4.97","currencySymbolString":"$","trackingProperties":{"product_id":"16848067","price_data_source":"legacy","price":"$4.97","item_tasks":[],"on_sale_ind":{"loyalty":false},"badge_type":"multi_unit_promotion","promotion_id":"17907519719016916","promotion_event_name":"savings.client.viewport_viewable_item","save_amount":"Spend $40, save $8","promotion_type":"spend_promotion"},"__typename":"ItemsResponseBackedItemPriceSection"},"parWeightTotalEstimate":{"id":"3d2bd027","viewSection":{"parWeightString":null,"__typename":"ItemsResponseBackedParWeightTotalEstimateSection"},"__typename":"ItemsParWeightTotalEstimate"},"greatPrice":null,"__typename":"ItemsItemPrice"}}],"ctaRelativeUrl":null,"landingPage":{"__typename":"AdsDisplayCreativesLandingPageBrandPage","id":"531ead9c","brandSlug":"po1/pg-fall-football","searchTerm":null},"itemCardFeatures":{"itemLayoutVariant":"sdSingleItemCardCVariant","__typename":"AdsItemCardFeatures"},"layoutConfig":{"layoutVariant":"standard","__typename":"AdsDisplayCreativeLayoutConfig"},"recipeDetails":null,"inspirationDetails":null,"shoppableDisplayViewSection":{"titleString":"Be the MVP of your Tailgate!","adExplanationString":null,"headerButtonCtaTextString":null,"viewAllString":"View All","sponsoredByString":"Sponsored","retailerCtaString":null,"retailerSubtitleString":null,"heroImage":{"url":"https://display.instacart.com/cdn-cgi/image/dpr=1,q=60,sharpen=0,f=auto,animate=false,metadata=copyright,/public/59f0c764-8885-4495-9690-33c0fd67a590-1.jpg","altText":"Advertisement","__typename":"Image"},"logoImage":{"url":"https://display.instacart.com/cdn-cgi/image/dpr=1,q=50,sharpen=0,f=auto,animate=false,metadata=copyright,/public/485b90d4-c641-4f54-b6ba-55844de0dea5-1.jpg","altText":"Advertisement","__typename":"Image"},"relevanceContext":{"id":"promoted_aisle_response_backed:9e930c5f:promoted_aisle:58ec527b:relevance_context","relevanceDetails":[{"id":"promoted_aisle_response_backed:9e930c5f:promoted_aisle:58ec527b:relevance_context:relevance_detail:4923087f","contentString":"Instacart works with advertisers to find the right audience for each ad.","__typename":"AdsDisclosureResponseBackedRelevanceDetailSection"},{"id":"promoted_aisle_response_backed:9e930c5f:promoted_aisle:58ec527b:relevance_context:relevance_detail:b87a62af","contentString":"In this case, you may be interested because the items are part of a widely popular category.","__typename":"AdsDisclosureResponseBackedRelevanceDetailSection"}],"targetingExplanationDetails":[],"__typename":"AdsDisclosureResponseBackedRelevanceContextSection"},"trackingProperties":{"api_version":"4","user_id":"17926101273457616","page_type":"store_root","page_value":null,"page_view_id":"b312d70a-ee4e-5434-b023-b90f4d4f4d2c","element_type":"promoted_aisle.v1","element_value":null,"eligible_id":null,"category_hero_id":null,"search_id":null,"search_terms":null,"candidate_id":"a/01991b33-8a8a-7390-b37d-4c1bef3f1606","interaction_id":"01991b33-8ace-765e-a8c5-09e71beb546e","display_creative_id":"43a8b39e-85fd-4d85-9645-92d1f22a49f1","creative_type":"promoted_aisle.v1","placement_type":"storefront_interleaved.v5","source_type":"store_root","creative_layout_variant":"top_image_v1","from_item_modal":false,"unified_ad_placement_id":null,"display_creative_item_count":"2","promotion_source":"instacart","auction_type":null,"experiment_metadata":{"legacy_viewable_without_hit_test":false,"ads_display_viewable_event_with_global_detector":false,"ads_display_enable_1px_overfiring_fix":false,"ads_display_viewable_event_with_consecutive_detector":true,"ads_solutions_display_android_disable_sideloaded_items":false,"ads_solutions_display_mock_recipe_id_enabled":false,"ads_solutions_display_video_linkout":true,"ads_solutions_display_enable_save_recipe":false},"disable_cpg_on_home_features":true,"layout_config":{"layout_variant":"standard"}},"loadTrackingEventName":"display.viewport_load_creative","firstPixelTrackingEventName":"display.viewport_1px_creative","viewableTrackingEventName":"display.viewport_viewable_creative","clickTrackingEventName":"display.click_creative","loadItemTrackingEventName":"display.viewport_load_creative_item","firstPixelItemTrackingEventName":"display.viewport_1px_creative_item","viewableItemTrackingEventName":"display.viewport_viewable_creative_item","clickItemTrackingEventName":"display.click_creative_item","beginToRenderCreativeTrackingEventName":"display.viewport_viewable_begin_to_render_creative","beginToRenderAssetTrackingEventName":"display.viewport_viewable_begin_to_render_creative_asset","cumulativeTimeTrackingEventName":"display.viewport_cumulative_time","__typename":"PromotedAisleResponseBackedPromotedAisleSection"}}]},"extensions":{"cacheControl":{"version":1,"hints":[{"maxAge":3600,"scope":"PRIVATE","path":["displayAdPlacement",0,"items"]},{"maxAge":1,"scope":"PRIVATE","path":["displayAdPlacement",0,"items",0,"price","parWeightTotalEstimate"]},{"maxAge":1,"scope":"PRIVATE","path":["displayAdPlacement",0,"items",1,"price","parWeightTotalEstimate"]}]}}}]]></response>
    <comment></comment>
  </item>
  <item>
    <time>Fri Sep 05 13:46:24 CDT 2025</time>
    <url><![CDATA[https://lamichoacanameatmarket.instacart.com/graphql?operationName=FloatingCartMessages&variables=%7B%22cartId%22%3A%2211935581283%22%2C%22shopId%22%3A%2253963%22%2C%22postalCode%22%3A%2277084%22%2C%22fetchMode%22%3A%22initFetch%22%2C%22utmTreatmentOfferId%22%3Anull%2C%22isUserClick%22%3Afalse%7D&extensions=%7B%22persistedQuery%22%3A%7B%22version%22%3A1%2C%22sha256Hash%22%3A%2260dc84ec6235a022b7023bcf8950c7236ae4202dd72c1deb77face3fadfe2e33%22%7D%7D]]></url>
    <host ip="104.18.41.34">lamichoacanameatmarket.instacart.com</host>
    <port>443</port>
    <protocol>https</protocol>
    <method><![CDATA[GET]]></method>
    <path><![CDATA[/graphql?operationName=FloatingCartMessages&variables=%7B%22cartId%22%3A%2211935581283%22%2C%22shopId%22%3A%2253963%22%2C%22postalCode%22%3A%2277084%22%2C%22fetchMode%22%3A%22initFetch%22%2C%22utmTreatmentOfferId%22%3Anull%2C%22isUserClick%22%3Afalse%7D&extensions=%7B%22persistedQuery%22%3A%7B%22version%22%3A1%2C%22sha256Hash%22%3A%2260dc84ec6235a022b7023bcf8950c7236ae4202dd72c1deb77face3fadfe2e33%22%7D%7D]]></path>
    <extension>null</extension>
    <request base64="false"><![CDATA[GET /graphql?operationName=FloatingCartMessages&variables=%7B%22cartId%22%3A%2211935581283%22%2C%22shopId%22%3A%2253963%22%2C%22postalCode%22%3A%2277084%22%2C%22fetchMode%22%3A%22initFetch%22%2C%22utmTreatmentOfferId%22%3Anull%2C%22isUserClick%22%3Afalse%7D&extensions=%7B%22persistedQuery%22%3A%7B%22version%22%3A1%2C%22sha256Hash%22%3A%2260dc84ec6235a022b7023bcf8950c7236ae4202dd72c1deb77face3fadfe2e33%22%7D%7D HTTP/2
Host: lamichoacanameatmarket.instacart.com
Cookie: ajs_anonymous_id=ea2155a8-97ff-4b0e-b45e-39cf0739f40e; fpc_bpm=6c408fe3-8b36-4eb3-845158ee784ea186; _gcl_au=1.1.2092369738.1757096439; _scid=fThUJkdGap-1v9ZjbqZqSXFNEKdvn5uL; _sctr=1%7C1757048400000; _ga_VL5WVTXMWP=GS2.1.s1757097305$o1$g1$t1757097519$j13$l0$h0; _ga=GA1.1.206219771.1757097305; _ga_TS6NTR6J66=GS2.1.s1757097305$o1$g0$t1757097308$j57$l0$h0; shoppers_instacart_session=ZjJBblo0ODN4cW9WTDRhYmZ1MTFiNUtKeiswKy9Pa1VITGFHUXJMK2ROemk0RDJtUUJTcUtJQi9kZzYrK3NVWms1VHpqaXNYSXJacHp0c3BSaWZ5S0FqMVZrdnVwTU9QbEVyNkYxTDJyazhtQWZ6cmdYSU1odkZORG1PZGI4eUoxZHpvL3dFRyttOUxjS0tMSlRsaER3PT0tLU9pRSs5RWJKRWovYTlUSkJIajcwWWc9PQ%3D%3D--a284366cb4b21bf28cb51803cf47037da3a143fd; _ga_7JY7T788PK=GS2.1.s1757097523$o1$g1$t1757097603$j60$l0$h0; ahoy_visit=c99e7a2d-9d40-49cb-b4e2-6e639fe6cc2e; ahoy_visitor=4bf6fbc6-dd1e-46fb-80b3-348b38a425ad; __cf_bm=kITVkaBd39DAgq3Fr0jswHrvswXPz0F1mwgCjJucYyU-1757097636-1.0.1.1-0wLLpGm.7Lc755LxYKGa8XHRxrFB1FlrtrhfoXb_3eQEw_PxcU4PpSHh6cSD1y3e1ERxSARRs_hcYeAu1SOpGK3yvDbO1ov49PUj8nwwciA; build_sha=c27e69482ce558c6064666550c97cc2e857c996e; accessibleColorsEnabled=false; forterToken=f7fe3fe0a0154968b2655c5e926e2edf_1757097973894__UDF43-m4_24ck_; _scid_r=jLhUJkdGap-1v9ZjbqZqSXFNEKdvn5uLKZ53jg; _uetsid=06cf2b608a8511f087a3e9c9c9f94d50; _uetvid=06cf13508a8511f0b6648300830ef8b5; __Host-instacart_sid=v2.3fafb1b29cb3d0.9DmSwvi6sF0lcqedks9OtrwE9nBpcA-xpzM16fy8sOM; known_visitor=%7Cadelheidsalmon%40somoj.com%7Cemail_code; X-IC-bcx=1; aws-waf-token=a338d369-ef0a-49cc-a2f4-d8fb10e9df1c:EQoAjv+CilH2AAAA:JjgTyKY3qmSddHHXgyvPXPUL7h6DqNdVGaqcquM9VjzAGjo8RE8q0DpqX+RPVQkVhbW9huD/OhCr6SgrU1hLK5zInhA1q0dRdg5Fp4/JQaA+yYxiA3V3uuzb+8IHTgAn0Fi6zgCs3XVc/YJ/V8Ssn6xlu2XeM+Mrs+NGEW82a8pC+qrCCnMltd25xyCq0ino30wJ3w15Fbmy659bKhnnPMeZSQfw; _dd_s=logs=0&expire=1757098874705; ajs_user_id=17926101273457616
User-Agent: Mozilla/5.0 (X11; Linux x86_64; rv:128.0) Gecko/20100101 Firefox/128.0
Accept: */*
Accept-Language: en-US,en;q=0.5
Accept-Encoding: gzip, deflate, br
Referer: https://lamichoacanameatmarket.instacart.com/store/la-michoacana-meat-market/storefront
Content-Type: application/json
X-Client-Identifier: web
X-Page-View-Id: b312d70a-ee4e-5434-b023-b90f4d4f4d2c
Sec-Fetch-Dest: empty
Sec-Fetch-Mode: cors
Sec-Fetch-Site: same-origin
Priority: u=4
Te: trailers

]]></request>
    <status>200</status>
    <responselength>2260</responselength>
    <mimetype>JSON</mimetype>
    <response base64="false"><![CDATA[HTTP/2 200 OK
Date: Fri, 05 Sep 2025 18:46:24 GMT
Content-Type: application/json; charset=utf-8
X-Frame-Options: SAMEORIGIN
X-Xss-Protection: 1; mode=block
X-Content-Type-Options: nosniff
X-Download-Options: noopen
X-Permitted-Cross-Domain-Policies: none
Referrer-Policy: strict-origin-when-cross-origin
Set-Cookie: ahoy_visit=c99e7a2d-9d40-49cb-b4e2-6e639fe6cc2e; path=/; expires=Fri, 05 Sep 2025 22:46:24 GMT; SameSite=Lax
Etag: W/"6cb5900a419fe71b281e0593babbb9da"
Cache-Control: max-age=0, private, must-revalidate
Server-Timing: runtime;desc="Application Runtime";dur=194, requestId;desc="c3f34722-6ee9-4ffb-a391-164169eaf563";dur=0
X-Request-Id: c3f34722-6ee9-4ffb-a391-164169eaf563
X-Runtime: 0.194436
Vary: Accept, Origin
Vary: accept-encoding
Strict-Transport-Security: max-age=31536000; includeSubDomains; preload
Cf-Cache-Status: DYNAMIC
Server: cloudflare
Cf-Ray: 97a7e3a118d15bce-TUN
Alt-Svc: h3=":443"; ma=86400

{"data":{"viewLayout":{"floatingCart":{"experimentation":{"floatingCartMobileWebVariant":"control","__typename":"FloatingCartExperimentationSection"},"tracking":{"floatingCartViewTrackingEventName":"floating_cart.view","floatingCartClickTrackingEventName":"floating_cart.click","__typename":"FloatingCartTrackingSection"},"trackingProperties":{"api_version":"4","layout_type":"floating_cart"},"__typename":"FloatingCartLayout"},"__typename":"ViewLayouts"},"floatingCartMessages":{"completedIncentives":0,"totalIncentives":0,"viewSection":{"retailerTotalString":null,"trackingProperties":{"element_uuid":"a797c0c1-5607-416f-8881-1b060b5f32ee","element_tracking_id":"a797c0c1-5607-416f-8881-1b060b5f32ee"},"__typename":"FloatingCartMessagesResponseBackedFloatingCartMessagesSection"},"persistentCartMessage":{"progress":1.0,"viewSection":{"messageString":"View cart","nonNullBackgroundColor":"brandPrimaryDark","textBackgroundColor":"systemGrayscale00","trackingProperties":{"message_type":"view_cart"},"__typename":"CartMessagesPersistentMessageCartMessagesPersistentMessageSection"},"__typename":"CartsMessagesPersistentMessage"},"transientCartMessages":[],"__typename":"CartsFloatingCartMessages"}},"extensions":{"cacheControl":{"version":1,"hints":[{"maxAge":3600,"scope":"PRIVATE","path":["viewLayout"]}]}}}]]></response>
    <comment></comment>
  </item>
  <item>
    <time>Fri Sep 05 13:46:27 CDT 2025</time>
    <url><![CDATA[https://lamichoacanameatmarket.instacart.com/graphql?operationName=FloatingCartMessages&variables=%7B%22cartId%22%3A%2211935581283%22%2C%22shopId%22%3A%2253963%22%2C%22postalCode%22%3A%2277084%22%2C%22fetchMode%22%3A%22updateFetch%22%2C%22utmTreatmentOfferId%22%3Anull%2C%22isUserClick%22%3Afalse%7D&extensions=%7B%22persistedQuery%22%3A%7B%22version%22%3A1%2C%22sha256Hash%22%3A%2260dc84ec6235a022b7023bcf8950c7236ae4202dd72c1deb77face3fadfe2e33%22%7D%7D]]></url>
    <host ip="104.18.41.34">lamichoacanameatmarket.instacart.com</host>
    <port>443</port>
    <protocol>https</protocol>
    <method><![CDATA[GET]]></method>
    <path><![CDATA[/graphql?operationName=FloatingCartMessages&variables=%7B%22cartId%22%3A%2211935581283%22%2C%22shopId%22%3A%2253963%22%2C%22postalCode%22%3A%2277084%22%2C%22fetchMode%22%3A%22updateFetch%22%2C%22utmTreatmentOfferId%22%3Anull%2C%22isUserClick%22%3Afalse%7D&extensions=%7B%22persistedQuery%22%3A%7B%22version%22%3A1%2C%22sha256Hash%22%3A%2260dc84ec6235a022b7023bcf8950c7236ae4202dd72c1deb77face3fadfe2e33%22%7D%7D]]></path>
    <extension>null</extension>
    <request base64="false"><![CDATA[GET /graphql?operationName=FloatingCartMessages&variables=%7B%22cartId%22%3A%2211935581283%22%2C%22shopId%22%3A%2253963%22%2C%22postalCode%22%3A%2277084%22%2C%22fetchMode%22%3A%22updateFetch%22%2C%22utmTreatmentOfferId%22%3Anull%2C%22isUserClick%22%3Afalse%7D&extensions=%7B%22persistedQuery%22%3A%7B%22version%22%3A1%2C%22sha256Hash%22%3A%2260dc84ec6235a022b7023bcf8950c7236ae4202dd72c1deb77face3fadfe2e33%22%7D%7D HTTP/2
Host: lamichoacanameatmarket.instacart.com
Cookie: ajs_anonymous_id=ea2155a8-97ff-4b0e-b45e-39cf0739f40e; fpc_bpm=6c408fe3-8b36-4eb3-845158ee784ea186; _gcl_au=1.1.2092369738.1757096439; _scid=fThUJkdGap-1v9ZjbqZqSXFNEKdvn5uL; _sctr=1%7C1757048400000; _ga_VL5WVTXMWP=GS2.1.s1757097305$o1$g1$t1757097519$j13$l0$h0; _ga=GA1.1.206219771.1757097305; _ga_TS6NTR6J66=GS2.1.s1757097305$o1$g0$t1757097308$j57$l0$h0; shoppers_instacart_session=ZjJBblo0ODN4cW9WTDRhYmZ1MTFiNUtKeiswKy9Pa1VITGFHUXJMK2ROemk0RDJtUUJTcUtJQi9kZzYrK3NVWms1VHpqaXNYSXJacHp0c3BSaWZ5S0FqMVZrdnVwTU9QbEVyNkYxTDJyazhtQWZ6cmdYSU1odkZORG1PZGI4eUoxZHpvL3dFRyttOUxjS0tMSlRsaER3PT0tLU9pRSs5RWJKRWovYTlUSkJIajcwWWc9PQ%3D%3D--a284366cb4b21bf28cb51803cf47037da3a143fd; _ga_7JY7T788PK=GS2.1.s1757097523$o1$g1$t1757097603$j60$l0$h0; ahoy_visit=c99e7a2d-9d40-49cb-b4e2-6e639fe6cc2e; ahoy_visitor=4bf6fbc6-dd1e-46fb-80b3-348b38a425ad; __cf_bm=kITVkaBd39DAgq3Fr0jswHrvswXPz0F1mwgCjJucYyU-1757097636-1.0.1.1-0wLLpGm.7Lc755LxYKGa8XHRxrFB1FlrtrhfoXb_3eQEw_PxcU4PpSHh6cSD1y3e1ERxSARRs_hcYeAu1SOpGK3yvDbO1ov49PUj8nwwciA; build_sha=c27e69482ce558c6064666550c97cc2e857c996e; accessibleColorsEnabled=false; forterToken=f7fe3fe0a0154968b2655c5e926e2edf_1757097973894__UDF43-m4_24ck_; _scid_r=jLhUJkdGap-1v9ZjbqZqSXFNEKdvn5uLKZ53jg; _uetsid=06cf2b608a8511f087a3e9c9c9f94d50; _uetvid=06cf13508a8511f0b6648300830ef8b5; __Host-instacart_sid=v2.3fafb1b29cb3d0.9DmSwvi6sF0lcqedks9OtrwE9nBpcA-xpzM16fy8sOM; known_visitor=%7Cadelheidsalmon%40somoj.com%7Cemail_code; X-IC-bcx=1; aws-waf-token=a338d369-ef0a-49cc-a2f4-d8fb10e9df1c:EQoAjv+CilH2AAAA:JjgTyKY3qmSddHHXgyvPXPUL7h6DqNdVGaqcquM9VjzAGjo8RE8q0DpqX+RPVQkVhbW9huD/OhCr6SgrU1hLK5zInhA1q0dRdg5Fp4/JQaA+yYxiA3V3uuzb+8IHTgAn0Fi6zgCs3XVc/YJ/V8Ssn6xlu2XeM+Mrs+NGEW82a8pC+qrCCnMltd25xyCq0ino30wJ3w15Fbmy659bKhnnPMeZSQfw; _dd_s=logs=0&expire=1757098874705; ajs_user_id=17926101273457616; __stripe_mid=6c9fc8d2-ee45-42c9-94ec-f47eab4b785e04efe9; __stripe_sid=7a931703-8d0a-49c2-8415-1dc5f6b3908d0fb532
User-Agent: Mozilla/5.0 (X11; Linux x86_64; rv:128.0) Gecko/20100101 Firefox/128.0
Accept: */*
Accept-Language: en-US,en;q=0.5
Accept-Encoding: gzip, deflate, br
Referer: https://lamichoacanameatmarket.instacart.com/store/la-michoacana-meat-market/storefront
Content-Type: application/json
X-Client-Identifier: web
X-Page-View-Id: b312d70a-ee4e-5434-b023-b90f4d4f4d2c
Sec-Fetch-Dest: empty
Sec-Fetch-Mode: cors
Sec-Fetch-Site: same-origin
If-None-Match: W/"4862b5aa29c58848b461e9a377bd5e3e"
Priority: u=4
Te: trailers

]]></request>
    <status>200</status>
    <responselength>2260</responselength>
    <mimetype>JSON</mimetype>
    <response base64="false"><![CDATA[HTTP/2 200 OK
Date: Fri, 05 Sep 2025 18:46:26 GMT
Content-Type: application/json; charset=utf-8
X-Frame-Options: SAMEORIGIN
X-Xss-Protection: 1; mode=block
X-Content-Type-Options: nosniff
X-Download-Options: noopen
X-Permitted-Cross-Domain-Policies: none
Referrer-Policy: strict-origin-when-cross-origin
Set-Cookie: ahoy_visit=c99e7a2d-9d40-49cb-b4e2-6e639fe6cc2e; path=/; expires=Fri, 05 Sep 2025 22:46:26 GMT; SameSite=Lax
Etag: W/"4862b5aa29c58848b461e9a377bd5e3e"
Cache-Control: max-age=0, private, must-revalidate
Server-Timing: runtime;desc="Application Runtime";dur=169, requestId;desc="e13c4838-54aa-44d7-b32f-0d85c2b1392f";dur=0
X-Request-Id: e13c4838-54aa-44d7-b32f-0d85c2b1392f
X-Runtime: 0.168742
Vary: Accept, Origin
Vary: accept-encoding
Strict-Transport-Security: max-age=31536000; includeSubDomains; preload
Cf-Cache-Status: DYNAMIC
Server: cloudflare
Cf-Ray: 97a7e3adae8e5bce-TUN
Alt-Svc: h3=":443"; ma=86400

{"data":{"viewLayout":{"floatingCart":{"experimentation":{"floatingCartMobileWebVariant":"control","__typename":"FloatingCartExperimentationSection"},"tracking":{"floatingCartViewTrackingEventName":"floating_cart.view","floatingCartClickTrackingEventName":"floating_cart.click","__typename":"FloatingCartTrackingSection"},"trackingProperties":{"api_version":"4","layout_type":"floating_cart"},"__typename":"FloatingCartLayout"},"__typename":"ViewLayouts"},"floatingCartMessages":{"completedIncentives":0,"totalIncentives":0,"viewSection":{"retailerTotalString":null,"trackingProperties":{"element_uuid":"fd60fa32-c203-4f59-a722-efb4882752e1","element_tracking_id":"fd60fa32-c203-4f59-a722-efb4882752e1"},"__typename":"FloatingCartMessagesResponseBackedFloatingCartMessagesSection"},"persistentCartMessage":{"progress":1.0,"viewSection":{"messageString":"View cart","nonNullBackgroundColor":"brandPrimaryDark","textBackgroundColor":"systemGrayscale00","trackingProperties":{"message_type":"view_cart"},"__typename":"CartMessagesPersistentMessageCartMessagesPersistentMessageSection"},"__typename":"CartsMessagesPersistentMessage"},"transientCartMessages":[],"__typename":"CartsFloatingCartMessages"}},"extensions":{"cacheControl":{"version":1,"hints":[{"maxAge":3600,"scope":"PRIVATE","path":["viewLayout"]}]}}}]]></response>
    <comment></comment>
  </item>
  <item>
    <time>Fri Sep 05 13:41:43 CDT 2025</time>
    <url><![CDATA[https://lamichoacanameatmarket.instacart.com/graphql?operationName=HomepagePbiRetailerLocality&variables=%7B%22retailerIds%22%3A%5B%221253%22%5D%2C%22postalCode%22%3A%2204652%22%2C%22coordinates%22%3A%7B%22latitude%22%3A44.747383%2C%22longitude%22%3A-67.132762%7D%2C%22includeExternalShops%22%3Atrue%2C%22includeAllRetailerLocations%22%3Atrue%7D&extensions=%7B%22persistedQuery%22%3A%7B%22version%22%3A1%2C%22sha256Hash%22%3A%22580af42310a36f0e6d00bd715dc6132695b0a6a90a96c2d5692c6688f71d7d80%22%7D%7D]]></url>
    <host ip="104.18.41.34">lamichoacanameatmarket.instacart.com</host>
    <port>443</port>
    <protocol>https</protocol>
    <method><![CDATA[GET]]></method>
    <path><![CDATA[/graphql?operationName=HomepagePbiRetailerLocality&variables=%7B%22retailerIds%22%3A%5B%221253%22%5D%2C%22postalCode%22%3A%2204652%22%2C%22coordinates%22%3A%7B%22latitude%22%3A44.747383%2C%22longitude%22%3A-67.132762%7D%2C%22includeExternalShops%22%3Atrue%2C%22includeAllRetailerLocations%22%3Atrue%7D&extensions=%7B%22persistedQuery%22%3A%7B%22version%22%3A1%2C%22sha256Hash%22%3A%22580af42310a36f0e6d00bd715dc6132695b0a6a90a96c2d5692c6688f71d7d80%22%7D%7D]]></path>
    <extension>null</extension>
    <request base64="false"><![CDATA[GET /graphql?operationName=HomepagePbiRetailerLocality&variables=%7B%22retailerIds%22%3A%5B%221253%22%5D%2C%22postalCode%22%3A%2204652%22%2C%22coordinates%22%3A%7B%22latitude%22%3A44.747383%2C%22longitude%22%3A-67.132762%7D%2C%22includeExternalShops%22%3Atrue%2C%22includeAllRetailerLocations%22%3Atrue%7D&extensions=%7B%22persistedQuery%22%3A%7B%22version%22%3A1%2C%22sha256Hash%22%3A%22580af42310a36f0e6d00bd715dc6132695b0a6a90a96c2d5692c6688f71d7d80%22%7D%7D HTTP/2
Host: lamichoacanameatmarket.instacart.com
Cookie: ajs_anonymous_id=ea2155a8-97ff-4b0e-b45e-39cf0739f40e; fpc_bpm=6c408fe3-8b36-4eb3-845158ee784ea186; _gcl_au=1.1.2092369738.1757096439; _scid=fThUJkdGap-1v9ZjbqZqSXFNEKdvn5uL; _sctr=1%7C1757048400000; _scid_r=erhUJkdGap-1v9ZjbqZqSXFNEKdvn5uLKZ53jA; _uetsid=06cf2b608a8511f087a3e9c9c9f94d50; _uetvid=06cf13508a8511f0b6648300830ef8b5; _ga_VL5WVTXMWP=GS2.1.s1757097305$o1$g1$t1757097519$j13$l0$h0; _ga=GA1.1.206219771.1757097305; _ga_TS6NTR6J66=GS2.1.s1757097305$o1$g0$t1757097308$j57$l0$h0; shoppers_instacart_session=ZjJBblo0ODN4cW9WTDRhYmZ1MTFiNUtKeiswKy9Pa1VITGFHUXJMK2ROemk0RDJtUUJTcUtJQi9kZzYrK3NVWms1VHpqaXNYSXJacHp0c3BSaWZ5S0FqMVZrdnVwTU9QbEVyNkYxTDJyazhtQWZ6cmdYSU1odkZORG1PZGI4eUoxZHpvL3dFRyttOUxjS0tMSlRsaER3PT0tLU9pRSs5RWJKRWovYTlUSkJIajcwWWc9PQ%3D%3D--a284366cb4b21bf28cb51803cf47037da3a143fd; _ga_7JY7T788PK=GS2.1.s1757097523$o1$g1$t1757097603$j60$l0$h0; ahoy_visit=c99e7a2d-9d40-49cb-b4e2-6e639fe6cc2e; ahoy_visitor=4bf6fbc6-dd1e-46fb-80b3-348b38a425ad; __cf_bm=kITVkaBd39DAgq3Fr0jswHrvswXPz0F1mwgCjJucYyU-1757097636-1.0.1.1-0wLLpGm.7Lc755LxYKGa8XHRxrFB1FlrtrhfoXb_3eQEw_PxcU4PpSHh6cSD1y3e1ERxSARRs_hcYeAu1SOpGK3yvDbO1ov49PUj8nwwciA; build_sha=c27e69482ce558c6064666550c97cc2e857c996e
User-Agent: Mozilla/5.0 (X11; Linux x86_64; rv:128.0) Gecko/20100101 Firefox/128.0
Accept: */*
Accept-Language: en-US,en;q=0.5
Accept-Encoding: gzip, deflate, br
Referer: https://lamichoacanameatmarket.instacart.com/
Content-Type: application/json
X-Client-Identifier: web
Sec-Fetch-Dest: empty
Sec-Fetch-Mode: cors
Sec-Fetch-Site: same-origin
Priority: u=0
Te: trailers

]]></request>
    <status>200</status>
    <responselength>1028</responselength>
    <mimetype>JSON</mimetype>
    <response base64="false"><![CDATA[HTTP/2 200 OK
Date: Fri, 05 Sep 2025 18:41:43 GMT
Content-Type: application/json; charset=utf-8
X-Frame-Options: SAMEORIGIN
X-Xss-Protection: 1; mode=block
X-Content-Type-Options: nosniff
X-Download-Options: noopen
X-Permitted-Cross-Domain-Policies: none
Referrer-Policy: strict-origin-when-cross-origin
Set-Cookie: ahoy_visit=c99e7a2d-9d40-49cb-b4e2-6e639fe6cc2e; path=/; expires=Fri, 05 Sep 2025 22:41:43 GMT; SameSite=Lax
Etag: W/"37bcbea0d0b5234333349666364840b2"
Cache-Control: max-age=0, private, must-revalidate
Server-Timing: runtime;desc="Application Runtime";dur=42, requestId;desc="43edfa47-ea96-44d3-8e9c-35e6b3700125";dur=0
X-Request-Id: 43edfa47-ea96-44d3-8e9c-35e6b3700125
X-Runtime: 0.041600
Vary: Accept, Origin
Vary: accept-encoding
Strict-Transport-Security: max-age=31536000; includeSubDomains; preload
Cf-Cache-Status: DYNAMIC
Server: cloudflare
Cf-Ray: 97a7dcc78d065bd0-TUN
Alt-Svc: h3=":443"; ma=86400

{"data":{"shopCollection":{"shops":[],"__typename":"RetailersShopCollection"}}}]]></response>
    <comment></comment>
  </item>
  <item>
    <time>Fri Sep 05 13:40:58 CDT 2025</time>
    <url><![CDATA[https://lamichoacanameatmarket.instacart.com/graphql?operationName=HomepagePbiRetailerLocality&variables=%7B%22retailerIds%22%3A%5B%221253%22%5D%2C%22postalCode%22%3A%2210010%22%2C%22coordinates%22%3A%7B%22latitude%22%3A0%2C%22longitude%22%3A0%7D%2C%22includeExternalShops%22%3Atrue%2C%22includeAllRetailerLocations%22%3Atrue%7D&extensions=%7B%22persistedQuery%22%3A%7B%22version%22%3A1%2C%22sha256Hash%22%3A%22580af42310a36f0e6d00bd715dc6132695b0a6a90a96c2d5692c6688f71d7d80%22%7D%7D]]></url>
    <host ip="104.18.41.34">lamichoacanameatmarket.instacart.com</host>
    <port>443</port>
    <protocol>https</protocol>
    <method><![CDATA[GET]]></method>
    <path><![CDATA[/graphql?operationName=HomepagePbiRetailerLocality&variables=%7B%22retailerIds%22%3A%5B%221253%22%5D%2C%22postalCode%22%3A%2210010%22%2C%22coordinates%22%3A%7B%22latitude%22%3A0%2C%22longitude%22%3A0%7D%2C%22includeExternalShops%22%3Atrue%2C%22includeAllRetailerLocations%22%3Atrue%7D&extensions=%7B%22persistedQuery%22%3A%7B%22version%22%3A1%2C%22sha256Hash%22%3A%22580af42310a36f0e6d00bd715dc6132695b0a6a90a96c2d5692c6688f71d7d80%22%7D%7D]]></path>
    <extension>null</extension>
    <request base64="false"><![CDATA[GET /graphql?operationName=HomepagePbiRetailerLocality&variables=%7B%22retailerIds%22%3A%5B%221253%22%5D%2C%22postalCode%22%3A%2210010%22%2C%22coordinates%22%3A%7B%22latitude%22%3A0%2C%22longitude%22%3A0%7D%2C%22includeExternalShops%22%3Atrue%2C%22includeAllRetailerLocations%22%3Atrue%7D&extensions=%7B%22persistedQuery%22%3A%7B%22version%22%3A1%2C%22sha256Hash%22%3A%22580af42310a36f0e6d00bd715dc6132695b0a6a90a96c2d5692c6688f71d7d80%22%7D%7D HTTP/2
Host: lamichoacanameatmarket.instacart.com
Cookie: ajs_anonymous_id=ea2155a8-97ff-4b0e-b45e-39cf0739f40e; fpc_bpm=6c408fe3-8b36-4eb3-845158ee784ea186; _gcl_au=1.1.2092369738.1757096439; _scid=fThUJkdGap-1v9ZjbqZqSXFNEKdvn5uL; _sctr=1%7C1757048400000; _scid_r=erhUJkdGap-1v9ZjbqZqSXFNEKdvn5uLKZ53jA; _uetsid=06cf2b608a8511f087a3e9c9c9f94d50; _uetvid=06cf13508a8511f0b6648300830ef8b5; _ga_VL5WVTXMWP=GS2.1.s1757097305$o1$g1$t1757097519$j13$l0$h0; _ga=GA1.1.206219771.1757097305; _ga_TS6NTR6J66=GS2.1.s1757097305$o1$g0$t1757097308$j57$l0$h0; shoppers_instacart_session=ZjJBblo0ODN4cW9WTDRhYmZ1MTFiNUtKeiswKy9Pa1VITGFHUXJMK2ROemk0RDJtUUJTcUtJQi9kZzYrK3NVWms1VHpqaXNYSXJacHp0c3BSaWZ5S0FqMVZrdnVwTU9QbEVyNkYxTDJyazhtQWZ6cmdYSU1odkZORG1PZGI4eUoxZHpvL3dFRyttOUxjS0tMSlRsaER3PT0tLU9pRSs5RWJKRWovYTlUSkJIajcwWWc9PQ%3D%3D--a284366cb4b21bf28cb51803cf47037da3a143fd; _ga_7JY7T788PK=GS2.1.s1757097523$o1$g1$t1757097603$j60$l0$h0; ahoy_visit=c99e7a2d-9d40-49cb-b4e2-6e639fe6cc2e; ahoy_visitor=4bf6fbc6-dd1e-46fb-80b3-348b38a425ad; __cf_bm=kITVkaBd39DAgq3Fr0jswHrvswXPz0F1mwgCjJucYyU-1757097636-1.0.1.1-0wLLpGm.7Lc755LxYKGa8XHRxrFB1FlrtrhfoXb_3eQEw_PxcU4PpSHh6cSD1y3e1ERxSARRs_hcYeAu1SOpGK3yvDbO1ov49PUj8nwwciA; build_sha=c27e69482ce558c6064666550c97cc2e857c996e
User-Agent: Mozilla/5.0 (X11; Linux x86_64; rv:128.0) Gecko/20100101 Firefox/128.0
Accept: */*
Accept-Language: en-US,en;q=0.5
Accept-Encoding: gzip, deflate, br
Referer: https://lamichoacanameatmarket.instacart.com/
Content-Type: application/json
X-Client-Identifier: web
Sec-Fetch-Dest: empty
Sec-Fetch-Mode: cors
Sec-Fetch-Site: same-origin
Priority: u=4
Te: trailers

]]></request>
    <status>200</status>
    <responselength>1028</responselength>
    <mimetype>JSON</mimetype>
    <response base64="false"><![CDATA[HTTP/2 200 OK
Date: Fri, 05 Sep 2025 18:40:57 GMT
Content-Type: application/json; charset=utf-8
X-Frame-Options: SAMEORIGIN
X-Xss-Protection: 1; mode=block
X-Content-Type-Options: nosniff
X-Download-Options: noopen
X-Permitted-Cross-Domain-Policies: none
Referrer-Policy: strict-origin-when-cross-origin
Set-Cookie: ahoy_visit=c99e7a2d-9d40-49cb-b4e2-6e639fe6cc2e; path=/; expires=Fri, 05 Sep 2025 22:40:57 GMT; SameSite=Lax
Etag: W/"37bcbea0d0b5234333349666364840b2"
Cache-Control: max-age=0, private, must-revalidate
Server-Timing: runtime;desc="Application Runtime";dur=49, requestId;desc="2261f575-633f-4f80-aad6-bdd38812f7da";dur=0
X-Request-Id: 2261f575-633f-4f80-aad6-bdd38812f7da
X-Runtime: 0.049001
Vary: Accept, Origin
Vary: accept-encoding
Strict-Transport-Security: max-age=31536000; includeSubDomains; preload
Cf-Cache-Status: DYNAMIC
Server: cloudflare
Cf-Ray: 97a7dba8fd2f5bd0-TUN
Alt-Svc: h3=":443"; ma=86400

{"data":{"shopCollection":{"shops":[],"__typename":"RetailersShopCollection"}}}]]></response>
    <comment></comment>
  </item>
  <item>
    <time>Fri Sep 05 13:40:45 CDT 2025</time>
    <url><![CDATA[https://lamichoacanameatmarket.instacart.com/graphql?operationName=HomepagePbiRetailerLocality&variables=%7B%22retailerIds%22%3A%5B%221253%22%5D%2C%22postalCode%22%3A%2210111%22%2C%22coordinates%22%3A%7B%22latitude%22%3A0%2C%22longitude%22%3A0%7D%2C%22includeExternalShops%22%3Atrue%2C%22includeAllRetailerLocations%22%3Atrue%7D&extensions=%7B%22persistedQuery%22%3A%7B%22version%22%3A1%2C%22sha256Hash%22%3A%22580af42310a36f0e6d00bd715dc6132695b0a6a90a96c2d5692c6688f71d7d80%22%7D%7D]]></url>
    <host ip="104.18.41.34">lamichoacanameatmarket.instacart.com</host>
    <port>443</port>
    <protocol>https</protocol>
    <method><![CDATA[GET]]></method>
    <path><![CDATA[/graphql?operationName=HomepagePbiRetailerLocality&variables=%7B%22retailerIds%22%3A%5B%221253%22%5D%2C%22postalCode%22%3A%2210111%22%2C%22coordinates%22%3A%7B%22latitude%22%3A0%2C%22longitude%22%3A0%7D%2C%22includeExternalShops%22%3Atrue%2C%22includeAllRetailerLocations%22%3Atrue%7D&extensions=%7B%22persistedQuery%22%3A%7B%22version%22%3A1%2C%22sha256Hash%22%3A%22580af42310a36f0e6d00bd715dc6132695b0a6a90a96c2d5692c6688f71d7d80%22%7D%7D]]></path>
    <extension>null</extension>
    <request base64="false"><![CDATA[GET /graphql?operationName=HomepagePbiRetailerLocality&variables=%7B%22retailerIds%22%3A%5B%221253%22%5D%2C%22postalCode%22%3A%2210111%22%2C%22coordinates%22%3A%7B%22latitude%22%3A0%2C%22longitude%22%3A0%7D%2C%22includeExternalShops%22%3Atrue%2C%22includeAllRetailerLocations%22%3Atrue%7D&extensions=%7B%22persistedQuery%22%3A%7B%22version%22%3A1%2C%22sha256Hash%22%3A%22580af42310a36f0e6d00bd715dc6132695b0a6a90a96c2d5692c6688f71d7d80%22%7D%7D HTTP/2
Host: lamichoacanameatmarket.instacart.com
Cookie: ajs_anonymous_id=ea2155a8-97ff-4b0e-b45e-39cf0739f40e; fpc_bpm=6c408fe3-8b36-4eb3-845158ee784ea186; _gcl_au=1.1.2092369738.1757096439; _scid=fThUJkdGap-1v9ZjbqZqSXFNEKdvn5uL; _sctr=1%7C1757048400000; _scid_r=erhUJkdGap-1v9ZjbqZqSXFNEKdvn5uLKZ53jA; _uetsid=06cf2b608a8511f087a3e9c9c9f94d50; _uetvid=06cf13508a8511f0b6648300830ef8b5; _ga_VL5WVTXMWP=GS2.1.s1757097305$o1$g1$t1757097519$j13$l0$h0; _ga=GA1.1.206219771.1757097305; _ga_TS6NTR6J66=GS2.1.s1757097305$o1$g0$t1757097308$j57$l0$h0; shoppers_instacart_session=ZjJBblo0ODN4cW9WTDRhYmZ1MTFiNUtKeiswKy9Pa1VITGFHUXJMK2ROemk0RDJtUUJTcUtJQi9kZzYrK3NVWms1VHpqaXNYSXJacHp0c3BSaWZ5S0FqMVZrdnVwTU9QbEVyNkYxTDJyazhtQWZ6cmdYSU1odkZORG1PZGI4eUoxZHpvL3dFRyttOUxjS0tMSlRsaER3PT0tLU9pRSs5RWJKRWovYTlUSkJIajcwWWc9PQ%3D%3D--a284366cb4b21bf28cb51803cf47037da3a143fd; _ga_7JY7T788PK=GS2.1.s1757097523$o1$g1$t1757097603$j60$l0$h0; ahoy_visit=c99e7a2d-9d40-49cb-b4e2-6e639fe6cc2e; ahoy_visitor=4bf6fbc6-dd1e-46fb-80b3-348b38a425ad; __cf_bm=kITVkaBd39DAgq3Fr0jswHrvswXPz0F1mwgCjJucYyU-1757097636-1.0.1.1-0wLLpGm.7Lc755LxYKGa8XHRxrFB1FlrtrhfoXb_3eQEw_PxcU4PpSHh6cSD1y3e1ERxSARRs_hcYeAu1SOpGK3yvDbO1ov49PUj8nwwciA; build_sha=c27e69482ce558c6064666550c97cc2e857c996e
User-Agent: Mozilla/5.0 (X11; Linux x86_64; rv:128.0) Gecko/20100101 Firefox/128.0
Accept: */*
Accept-Language: en-US,en;q=0.5
Accept-Encoding: gzip, deflate, br
Referer: https://lamichoacanameatmarket.instacart.com/
Content-Type: application/json
X-Client-Identifier: web
Sec-Fetch-Dest: empty
Sec-Fetch-Mode: cors
Sec-Fetch-Site: same-origin
Priority: u=4
Te: trailers

]]></request>
    <status>200</status>
    <responselength>1028</responselength>
    <mimetype>JSON</mimetype>
    <response base64="false"><![CDATA[HTTP/2 200 OK
Date: Fri, 05 Sep 2025 18:40:45 GMT
Content-Type: application/json; charset=utf-8
X-Frame-Options: SAMEORIGIN
X-Xss-Protection: 1; mode=block
X-Content-Type-Options: nosniff
X-Download-Options: noopen
X-Permitted-Cross-Domain-Policies: none
Referrer-Policy: strict-origin-when-cross-origin
Set-Cookie: ahoy_visit=c99e7a2d-9d40-49cb-b4e2-6e639fe6cc2e; path=/; expires=Fri, 05 Sep 2025 22:40:45 GMT; SameSite=Lax
Etag: W/"37bcbea0d0b5234333349666364840b2"
Cache-Control: max-age=0, private, must-revalidate
Server-Timing: runtime;desc="Application Runtime";dur=94, requestId;desc="23d225c9-0f9f-42b6-b0c0-82d49066ef10";dur=0
X-Request-Id: 23d225c9-0f9f-42b6-b0c0-82d49066ef10
X-Runtime: 0.095029
Vary: Accept, Origin
Vary: accept-encoding
Strict-Transport-Security: max-age=31536000; includeSubDomains; preload
Cf-Cache-Status: DYNAMIC
Server: cloudflare
Cf-Ray: 97a7db5a68305bd0-TUN
Alt-Svc: h3=":443"; ma=86400

{"data":{"shopCollection":{"shops":[],"__typename":"RetailersShopCollection"}}}]]></response>
    <comment></comment>
  </item>
  <item>
    <time>Fri Sep 05 13:41:24 CDT 2025</time>
    <url><![CDATA[https://lamichoacanameatmarket.instacart.com/graphql?operationName=HomepagePbiRetailerLocality&variables=%7B%22retailerIds%22%3A%5B%221253%22%5D%2C%22postalCode%22%3A%2245215%22%2C%22coordinates%22%3A%7B%22latitude%22%3A39.21493%2C%22longitude%22%3A-84.44696%7D%2C%22includeExternalShops%22%3Atrue%2C%22includeAllRetailerLocations%22%3Atrue%7D&extensions=%7B%22persistedQuery%22%3A%7B%22version%22%3A1%2C%22sha256Hash%22%3A%22580af42310a36f0e6d00bd715dc6132695b0a6a90a96c2d5692c6688f71d7d80%22%7D%7D]]></url>
    <host ip="104.18.41.34">lamichoacanameatmarket.instacart.com</host>
    <port>443</port>
    <protocol>https</protocol>
    <method><![CDATA[GET]]></method>
    <path><![CDATA[/graphql?operationName=HomepagePbiRetailerLocality&variables=%7B%22retailerIds%22%3A%5B%221253%22%5D%2C%22postalCode%22%3A%2245215%22%2C%22coordinates%22%3A%7B%22latitude%22%3A39.21493%2C%22longitude%22%3A-84.44696%7D%2C%22includeExternalShops%22%3Atrue%2C%22includeAllRetailerLocations%22%3Atrue%7D&extensions=%7B%22persistedQuery%22%3A%7B%22version%22%3A1%2C%22sha256Hash%22%3A%22580af42310a36f0e6d00bd715dc6132695b0a6a90a96c2d5692c6688f71d7d80%22%7D%7D]]></path>
    <extension>null</extension>
    <request base64="false"><![CDATA[GET /graphql?operationName=HomepagePbiRetailerLocality&variables=%7B%22retailerIds%22%3A%5B%221253%22%5D%2C%22postalCode%22%3A%2245215%22%2C%22coordinates%22%3A%7B%22latitude%22%3A39.21493%2C%22longitude%22%3A-84.44696%7D%2C%22includeExternalShops%22%3Atrue%2C%22includeAllRetailerLocations%22%3Atrue%7D&extensions=%7B%22persistedQuery%22%3A%7B%22version%22%3A1%2C%22sha256Hash%22%3A%22580af42310a36f0e6d00bd715dc6132695b0a6a90a96c2d5692c6688f71d7d80%22%7D%7D HTTP/2
Host: lamichoacanameatmarket.instacart.com
Cookie: ajs_anonymous_id=ea2155a8-97ff-4b0e-b45e-39cf0739f40e; fpc_bpm=6c408fe3-8b36-4eb3-845158ee784ea186; _gcl_au=1.1.2092369738.1757096439; _scid=fThUJkdGap-1v9ZjbqZqSXFNEKdvn5uL; _sctr=1%7C1757048400000; _scid_r=erhUJkdGap-1v9ZjbqZqSXFNEKdvn5uLKZ53jA; _uetsid=06cf2b608a8511f087a3e9c9c9f94d50; _uetvid=06cf13508a8511f0b6648300830ef8b5; _ga_VL5WVTXMWP=GS2.1.s1757097305$o1$g1$t1757097519$j13$l0$h0; _ga=GA1.1.206219771.1757097305; _ga_TS6NTR6J66=GS2.1.s1757097305$o1$g0$t1757097308$j57$l0$h0; shoppers_instacart_session=ZjJBblo0ODN4cW9WTDRhYmZ1MTFiNUtKeiswKy9Pa1VITGFHUXJMK2ROemk0RDJtUUJTcUtJQi9kZzYrK3NVWms1VHpqaXNYSXJacHp0c3BSaWZ5S0FqMVZrdnVwTU9QbEVyNkYxTDJyazhtQWZ6cmdYSU1odkZORG1PZGI4eUoxZHpvL3dFRyttOUxjS0tMSlRsaER3PT0tLU9pRSs5RWJKRWovYTlUSkJIajcwWWc9PQ%3D%3D--a284366cb4b21bf28cb51803cf47037da3a143fd; _ga_7JY7T788PK=GS2.1.s1757097523$o1$g1$t1757097603$j60$l0$h0; ahoy_visit=c99e7a2d-9d40-49cb-b4e2-6e639fe6cc2e; ahoy_visitor=4bf6fbc6-dd1e-46fb-80b3-348b38a425ad; __cf_bm=kITVkaBd39DAgq3Fr0jswHrvswXPz0F1mwgCjJucYyU-1757097636-1.0.1.1-0wLLpGm.7Lc755LxYKGa8XHRxrFB1FlrtrhfoXb_3eQEw_PxcU4PpSHh6cSD1y3e1ERxSARRs_hcYeAu1SOpGK3yvDbO1ov49PUj8nwwciA; build_sha=c27e69482ce558c6064666550c97cc2e857c996e
User-Agent: Mozilla/5.0 (X11; Linux x86_64; rv:128.0) Gecko/20100101 Firefox/128.0
Accept: */*
Accept-Language: en-US,en;q=0.5
Accept-Encoding: gzip, deflate, br
Referer: https://lamichoacanameatmarket.instacart.com/
Content-Type: application/json
X-Client-Identifier: web
Sec-Fetch-Dest: empty
Sec-Fetch-Mode: cors
Sec-Fetch-Site: same-origin
Priority: u=0
Te: trailers

]]></request>
    <status>200</status>
    <responselength>1028</responselength>
    <mimetype>JSON</mimetype>
    <response base64="false"><![CDATA[HTTP/2 200 OK
Date: Fri, 05 Sep 2025 18:41:24 GMT
Content-Type: application/json; charset=utf-8
X-Frame-Options: SAMEORIGIN
X-Xss-Protection: 1; mode=block
X-Content-Type-Options: nosniff
X-Download-Options: noopen
X-Permitted-Cross-Domain-Policies: none
Referrer-Policy: strict-origin-when-cross-origin
Set-Cookie: ahoy_visit=c99e7a2d-9d40-49cb-b4e2-6e639fe6cc2e; path=/; expires=Fri, 05 Sep 2025 22:41:24 GMT; SameSite=Lax
Etag: W/"37bcbea0d0b5234333349666364840b2"
Cache-Control: max-age=0, private, must-revalidate
Server-Timing: runtime;desc="Application Runtime";dur=89, requestId;desc="92f9ca56-a729-481f-ba9b-f0de9fcf58d4";dur=0
X-Request-Id: 92f9ca56-a729-481f-ba9b-f0de9fcf58d4
X-Runtime: 0.088989
Vary: Accept, Origin
Vary: accept-encoding
Strict-Transport-Security: max-age=31536000; includeSubDomains; preload
Cf-Cache-Status: DYNAMIC
Server: cloudflare
Cf-Ray: 97a7dc4d0b745bd0-TUN
Alt-Svc: h3=":443"; ma=86400

{"data":{"shopCollection":{"shops":[],"__typename":"RetailersShopCollection"}}}]]></response>
    <comment></comment>
  </item>
  <item>
    <time>Fri Sep 05 13:46:24 CDT 2025</time>
    <url><![CDATA[https://lamichoacanameatmarket.instacart.com/graphql?operationName=Items&variables=%7B%22ids%22%3A%5B%22items_40286-16346071%22%2C%22items_40286-3304673%22%2C%22items_40286-150457%22%2C%22items_40286-16614390%22%2C%22items_40286-3256531%22%2C%22items_40286-3265975%22%2C%22items_40286-3293710%22%2C%22items_40286-16614371%22%2C%22items_40286-3259137%22%2C%22items_40286-3297927%22%5D%2C%22shopId%22%3A%2253963%22%2C%22zoneId%22%3A%2293%22%2C%22postalCode%22%3A%2277084%22%7D&extensions=%7B%22persistedQuery%22%3A%7B%22version%22%3A1%2C%22sha256Hash%22%3A%226474c319c75c5357b0a4f646e1d3a01dd805c5fd917d7a90906ecb84a1bad8b1%22%7D%7D]]></url>
    <host ip="104.18.41.34">lamichoacanameatmarket.instacart.com</host>
    <port>443</port>
    <protocol>https</protocol>
    <method><![CDATA[GET]]></method>
    <path><![CDATA[/graphql?operationName=Items&variables=%7B%22ids%22%3A%5B%22items_40286-16346071%22%2C%22items_40286-3304673%22%2C%22items_40286-150457%22%2C%22items_40286-16614390%22%2C%22items_40286-3256531%22%2C%22items_40286-3265975%22%2C%22items_40286-3293710%22%2C%22items_40286-16614371%22%2C%22items_40286-3259137%22%2C%22items_40286-3297927%22%5D%2C%22shopId%22%3A%2253963%22%2C%22zoneId%22%3A%2293%22%2C%22postalCode%22%3A%2277084%22%7D&extensions=%7B%22persistedQuery%22%3A%7B%22version%22%3A1%2C%22sha256Hash%22%3A%226474c319c75c5357b0a4f646e1d3a01dd805c5fd917d7a90906ecb84a1bad8b1%22%7D%7D]]></path>
    <extension>null</extension>
    <request base64="false"><![CDATA[GET /graphql?operationName=Items&variables=%7B%22ids%22%3A%5B%22items_40286-16346071%22%2C%22items_40286-3304673%22%2C%22items_40286-150457%22%2C%22items_40286-16614390%22%2C%22items_40286-3256531%22%2C%22items_40286-3265975%22%2C%22items_40286-3293710%22%2C%22items_40286-16614371%22%2C%22items_40286-3259137%22%2C%22items_40286-3297927%22%5D%2C%22shopId%22%3A%2253963%22%2C%22zoneId%22%3A%2293%22%2C%22postalCode%22%3A%2277084%22%7D&extensions=%7B%22persistedQuery%22%3A%7B%22version%22%3A1%2C%22sha256Hash%22%3A%226474c319c75c5357b0a4f646e1d3a01dd805c5fd917d7a90906ecb84a1bad8b1%22%7D%7D HTTP/2
Host: lamichoacanameatmarket.instacart.com
Cookie: ajs_anonymous_id=ea2155a8-97ff-4b0e-b45e-39cf0739f40e; fpc_bpm=6c408fe3-8b36-4eb3-845158ee784ea186; _gcl_au=1.1.2092369738.1757096439; _scid=fThUJkdGap-1v9ZjbqZqSXFNEKdvn5uL; _sctr=1%7C1757048400000; _ga_VL5WVTXMWP=GS2.1.s1757097305$o1$g1$t1757097519$j13$l0$h0; _ga=GA1.1.206219771.1757097305; _ga_TS6NTR6J66=GS2.1.s1757097305$o1$g0$t1757097308$j57$l0$h0; shoppers_instacart_session=ZjJBblo0ODN4cW9WTDRhYmZ1MTFiNUtKeiswKy9Pa1VITGFHUXJMK2ROemk0RDJtUUJTcUtJQi9kZzYrK3NVWms1VHpqaXNYSXJacHp0c3BSaWZ5S0FqMVZrdnVwTU9QbEVyNkYxTDJyazhtQWZ6cmdYSU1odkZORG1PZGI4eUoxZHpvL3dFRyttOUxjS0tMSlRsaER3PT0tLU9pRSs5RWJKRWovYTlUSkJIajcwWWc9PQ%3D%3D--a284366cb4b21bf28cb51803cf47037da3a143fd; _ga_7JY7T788PK=GS2.1.s1757097523$o1$g1$t1757097603$j60$l0$h0; ahoy_visit=c99e7a2d-9d40-49cb-b4e2-6e639fe6cc2e; ahoy_visitor=4bf6fbc6-dd1e-46fb-80b3-348b38a425ad; __cf_bm=kITVkaBd39DAgq3Fr0jswHrvswXPz0F1mwgCjJucYyU-1757097636-1.0.1.1-0wLLpGm.7Lc755LxYKGa8XHRxrFB1FlrtrhfoXb_3eQEw_PxcU4PpSHh6cSD1y3e1ERxSARRs_hcYeAu1SOpGK3yvDbO1ov49PUj8nwwciA; build_sha=c27e69482ce558c6064666550c97cc2e857c996e; accessibleColorsEnabled=false; forterToken=f7fe3fe0a0154968b2655c5e926e2edf_1757097973894__UDF43-m4_24ck_; _scid_r=jLhUJkdGap-1v9ZjbqZqSXFNEKdvn5uLKZ53jg; _uetsid=06cf2b608a8511f087a3e9c9c9f94d50; _uetvid=06cf13508a8511f0b6648300830ef8b5; __Host-instacart_sid=v2.3fafb1b29cb3d0.9DmSwvi6sF0lcqedks9OtrwE9nBpcA-xpzM16fy8sOM; known_visitor=%7Cadelheidsalmon%40somoj.com%7Cemail_code; X-IC-bcx=1; aws-waf-token=a338d369-ef0a-49cc-a2f4-d8fb10e9df1c:EQoAjv+CilH2AAAA:JjgTyKY3qmSddHHXgyvPXPUL7h6DqNdVGaqcquM9VjzAGjo8RE8q0DpqX+RPVQkVhbW9huD/OhCr6SgrU1hLK5zInhA1q0dRdg5Fp4/JQaA+yYxiA3V3uuzb+8IHTgAn0Fi6zgCs3XVc/YJ/V8Ssn6xlu2XeM+Mrs+NGEW82a8pC+qrCCnMltd25xyCq0ino30wJ3w15Fbmy659bKhnnPMeZSQfw; _dd_s=logs=0&expire=1757098874705; ajs_user_id=17926101273457616
User-Agent: Mozilla/5.0 (X11; Linux x86_64; rv:128.0) Gecko/20100101 Firefox/128.0
Accept: */*
Accept-Language: en-US,en;q=0.5
Accept-Encoding: gzip, deflate, br
Referer: https://lamichoacanameatmarket.instacart.com/store/la-michoacana-meat-market/storefront
Content-Type: application/json
X-Client-Identifier: web
X-Page-View-Id: b312d70a-ee4e-5434-b023-b90f4d4f4d2c
X-Ic-View-Layer: true
Sec-Fetch-Dest: empty
Sec-Fetch-Mode: cors
Sec-Fetch-Site: same-origin
Priority: u=4
Te: trailers

]]></request>
    <status>200</status>
    <responselength>83023</responselength>
    <mimetype>JSON</mimetype>
    <response base64="false"><![CDATA[HTTP/2 200 OK
Date: Fri, 05 Sep 2025 18:46:24 GMT
Content-Type: application/json
Cache-Control: no-store
Ic-Request-Id: 95695a39-39b4-4e18-829e-d1b54355e5b7
Server-Timing: runtime;desc="Application Runtime";dur=195, requestId;desc="95695a39-39b4-4e18-829e-d1b54355e5b7";dur=0
X-Request-Id: 95695a39-39b4-4e18-829e-d1b54355e5b7
Strict-Transport-Security: max-age=31536000; includeSubDomains; preload
Vary: accept-encoding
Cf-Cache-Status: DYNAMIC
X-Content-Type-Options: nosniff
Server: cloudflare
Cf-Ray: 97a7e3a1e9c95bce-TUN
Alt-Svc: h3=":443"; ma=86400

{"data":{"items":[{"id":"items_40286-16346071","itemLoadId":null,"name":"Tomatillo","size":"1 each","productId":"16346071","legacyId":"1438391652","legacyV3Id":"item_1438391652","configurableProductId":null,"brandName":null,"brandId":null,"evergreenUrl":"16346071-tomatillo-each","inStoreItemLocation":null,"retailer":{"isUltrafast":false,"__typename":"RetailersRetailer"},"dietary":{"mlDietaryAttributes":null,"mlShoppingAttributes":[],"viewSection":{"attributesString":null,"attributeSections":[],"attributeBadgeImage":null,"__typename":"ItemsResponseBackedDietarySection"},"__typename":"ItemsDietary"},"itemEbt":null,"itemFreshFunds":null,"itemMedicare":null,"productRating":null,"productCanonicalUrl":null,"quantityAttributesEach":null,"quantityAttributesWeight":{"increment":0.25,"initial":1,"max":500,"min":0.25,"quantityType":"weight","selectOptions":[0.25,0.5,0.75,1,1.25,1.75,2.25,2.75,3.25],"defaultSelectOption":1,"parWeight":null,"viewSection":{"maxedOutString":"Max 500 per order","minReachedString":null,"unitAriaString":"pound","unitPluralAriaString":"pounds","unitPluralString":"lbs","unitString":"lb","iconUnitTypeVisibilityVariant":"show","variableWeightDisclaimerString":null,"variableWeightDisclaimerLongString":null,"totalWeightEstimateTemplateString":null,"totalWeightEstimateTemplatePluralString":null,"parWeightDisplayString":null,"quantityUnitVisibilityVariant":"show","stepperUnitTypeVisibilityVariant":"show","__typename":"ItemsResponseBackedQuantityAttributesSection"},"__typename":"ItemsQuantityAttributes"},"quantityAttributes":{"increment":0.25,"initial":1,"max":500,"min":0.25,"quantityType":"weight","selectOptions":[0.25,0.5,0.75,1,1.25,1.75,2.25,2.75,3.25],"defaultSelectOption":1,"parWeight":null,"viewSection":{"maxedOutString":"Max 500 per order","minReachedString":null,"unitAriaString":"pound","unitPluralAriaString":"pounds","unitPluralString":"lbs","unitString":"lb","iconUnitTypeVisibilityVariant":"show","variableWeightDisclaimerString":null,"variableWeightDisclaimerLongString":null,"totalWeightEstimateTemplateString":null,"totalWeightEstimateTemplatePluralString":null,"parWeightDisplayString":null,"quantityUnitVisibilityVariant":"show","stepperUnitTypeVisibilityVariant":"show","__typename":"ItemsResponseBackedQuantityAttributesSection"},"__typename":"ItemsQuantityAttributes"},"availability":{"available":true,"stockLevel":"highlyInStock","blackoutTimes":null,"viewSection":{"stockLevelLabelString":"Many in stock","outOfStockCtaString":null,"similarItemsActionVariant":"none","warningIconImage":{"id":"f762f289","url":"https://www.instacart.com/assets/dependability/item_availability/highly_in_stock-18910a57dac5f8e2db073c800e1742558d519cc5d5b20f375efa8a495462471c.png","__typename":"Image"},"__typename":"AvailabilityResponseBackedAvailabilitySection"},"__typename":"ItemsAvailability"},"variantGroup":null,"variantGroupId":null,"variantDimensionValues":[],"viewSection":{"itemImage":{"altText":null,"templateUrl":"https://www.instacart.com/image-server/{width=}x{height=}/filters:fill(FFFFFF,true):format(jpg)/d2lnr5mha7bycj.cloudfront.net/product-image/file/large_409e250b-b40f-4e2f-91ea-7ec20de087ef.jpg","url":"https://d2lnr5mha7bycj.cloudfront.net/product-image/file/large_409e250b-b40f-4e2f-91ea-7ec20de087ef.jpg","__typename":"Image"},"trackingProperties":{"availability_score":0.9849,"available_ind":true,"blackout":false,"element_attributes":{"attributes":[],"low_stock_label":false},"element_details":{"element_id":"items_40286-16346071","element_type":"item","item_tags":[],"product_id":"16346071","retailer_id":"1253","retailer_location_id":"40286"},"external_sku_id":null,"item_id":"1438391652","item_name":"Tomatillo","itemsview___layouts___itemsresponsebacked___item":"2fbb24f6-de5d-4c7b-8ff5-3fb5b1d57544","low_stock_label":false,"low_stock_variant":"none","on_sale_ind":{"buy_one_get_one":false,"cpg_coupon":false,"on_sale":false,"retailer":false},"product_category_name":"Tomatillos","product_id":"16346071","restricted_for_targeting_and_sharing":false,"stock_level":"highly_in_stock"},"itemCardRatingVariant":"hidden","itemCardQuickAddVariant":"control","itemCardDiscountBadgeVariant":"hide","itemCardLowStockLevelVariant":"visible","itemCardPricePerUnitVariant":"hide","quantityAttributesVariant":"qtyOnly","hideActionsOnCartItemVariant":"false","itemCardHideQuickAddPriceVariant":"show","itemCardHideSizeVariant":"show","lowStockVariant":"none","boughtXTimesString":null,"requestAddString":null,"servingSizeString":null,"itemString":"Item","retailerReferenceCodeString":null,"retailerLookupCodeString":null,"variantDimensionsString":null,"tastingNotesString":null,"rewardProgramLabelString":null,"nameStringFormatted":{"id":"aadaf805","sections":[{"id":"1ca5fd47","name":"bodymedium2","content":"Tomatillo","__typename":"ViewFormattedStringSection"}],"__typename":"ViewFormattedString"},"taxStringFormatted":null,"fsaHsaEligibleString":null,"itemTransparentImage":null,"__typename":"ItemsResponseBackedItemSection"},"tags":[],"comboPromotions":[],"nutritionalAttributes":null,"__typename":"ItemsItem","price":{"id":"items_40286-16346071","itemId":"items_40286-16346071","debugProperties":{},"viewSection":{"badge":null,"itemCard":{"id":"items_response_backed:40e2801e:item_price:d0cb5571:item_card","fullPriceString":null,"priceAriaLabelString":"$2.06 per pound","pricePerUnitString":null,"priceString":"$2.06 /lb","pricingUnitSecondaryString":null,"pricingUnitString":null,"trackingProperties":{"item_card_impression_id":"338bf53e-4551-4a55-a4c7-de9883ab4da6"},"discountHeaderString":null,"discountSubHeaderString":"off!","priceSuffixString":"/lb","plainFullPriceString":null,"priceScreenReaderString":"Current price: $2.06 per pound","fullPriceScreenReaderString":null,"priceBackgroundVariant":"hide","loyaltyProgramVariant":"hide","pricingUnitConvergenceVariant":"variant","badgeVisibilityVariant":"hide","priceStringFormatted":{"id":"1780feee","sections":[{"id":"371b0515","name":"small_currency_symbol","content":"$","__typename":"ViewFormattedStringSection"},{"id":"feb22aef","name":"dollar","content":"2","__typename":"ViewFormattedStringSection"},{"id":"d48c2fbb","name":"cents","content":"06","__typename":"ViewFormattedStringSection"}],"__typename":"ViewFormattedString"},"offerLabelStringFormatted":null,"loyaltyPriceStringFormatted":null,"nonLoyaltyPriceStringFormatted":null,"loyaltyPriceStringPositionVariant":"control","secondaryTopStringFormatted":{"id":"cba2b636","sections":[{"id":"7bf04e65","name":null,"content":"/lb","__typename":"ViewFormattedStringSection"}],"__typename":"ViewFormattedString"},"secondaryBottomStringFormatted":null,"smartDiscountFormattedAttributesString":null,"__typename":"ItemsResponseBackedItemPriceItemCardSection"},"itemDetails":{"dealAppliedLabelString":null,"dealAppliedSoFarMessageString":null,"fullPriceString":null,"mixAndMatchItemsTitleString":"Available Mix \u0026 Match items","mixAndMatchItemsVariant":"hide","priceAriaLabelString":"$2.06 per pound","priceEstimateVariant":"hide","pricePerUnitString":"$0.13/oz","priceString":"$2.06 /lb","pricingUnitSecondaryString":null,"pricingUnitString":null,"saleDisclaimerString":null,"addLoyaltyCardString":null,"loyaltyProgramVariant":"hide","secondaryTopStringFormatted":{"id":"f0b519fb","sections":[{"id":"3bfc596d","name":null,"content":"/lb","__typename":"ViewFormattedStringSection"}],"__typename":"ViewFormattedString"},"secondaryBottomStringFormatted":null,"__typename":"ItemsResponseBackedItemPriceItemDetailsSection"},"sizeSelector":null,"fullPriceString":null,"priceString":"$2.06","priceValueString":"2.06","currencySymbolString":"$","trackingProperties":{"item_tasks":[],"on_sale_ind":{"loyalty":false},"price":"$2.06","price_data_source":"legacy","product_id":"16346071"},"__typename":"ItemsResponseBackedItemPriceSection"},"parWeightTotalEstimate":{"id":"6265e6e6","viewSection":{"parWeightString":null,"__typename":"ItemsResponseBackedParWeightTotalEstimateSection"},"__typename":"ItemsParWeightTotalEstimate"},"greatPrice":null,"__typename":"ItemsItemPrice"}},{"id":"items_40286-3304673","itemLoadId":null,"name":"Red Onion","size":"1 each","productId":"3304673","legacyId":"1439010919","legacyV3Id":"item_1439010919","configurableProductId":null,"brandName":null,"brandId":null,"evergreenUrl":"3304673-red-onion-each","inStoreItemLocation":null,"retailer":{"isUltrafast":false,"__typename":"RetailersRetailer"},"dietary":{"mlDietaryAttributes":null,"mlShoppingAttributes":[],"viewSection":{"attributesString":null,"attributeSections":[],"attributeBadgeImage":null,"__typename":"ItemsResponseBackedDietarySection"},"__typename":"ItemsDietary"},"itemEbt":null,"itemFreshFunds":null,"itemMedicare":null,"productRating":null,"productCanonicalUrl":null,"quantityAttributesEach":{"increment":1,"initial":1,"max":500,"min":1,"quantityType":"each","selectOptions":[1,2,3,4,5,6,7,8,9],"defaultSelectOption":1,"parWeight":null,"viewSection":{"maxedOutString":"Max 500 per order","minReachedString":null,"unitAriaString":"item","unitPluralAriaString":"items","unitPluralString":"ct","unitString":"ct","iconUnitTypeVisibilityVariant":"hide","variableWeightDisclaimerString":null,"variableWeightDisclaimerLongString":null,"totalWeightEstimateTemplateString":null,"totalWeightEstimateTemplatePluralString":null,"parWeightDisplayString":null,"quantityUnitVisibilityVariant":"show","stepperUnitTypeVisibilityVariant":"hide","__typename":"ItemsResponseBackedQuantityAttributesSection"},"__typename":"ItemsQuantityAttributes"},"quantityAttributesWeight":{"increment":0.25,"initial":0.25,"max":500,"min":0.25,"quantityType":"weight","selectOptions":[0.25,0.5,0.75,1,1.25,1.75,2.25,2.75,3.25],"defaultSelectOption":1,"parWeight":null,"viewSection":{"maxedOutString":"Max 500 per order","minReachedString":null,"unitAriaString":"pound","unitPluralAriaString":"pounds","unitPluralString":"lbs","unitString":"lb","iconUnitTypeVisibilityVariant":"show","variableWeightDisclaimerString":null,"variableWeightDisclaimerLongString":null,"totalWeightEstimateTemplateString":null,"totalWeightEstimateTemplatePluralString":null,"parWeightDisplayString":null,"quantityUnitVisibilityVariant":"show","stepperUnitTypeVisibilityVariant":"show","__typename":"ItemsResponseBackedQuantityAttributesSection"},"__typename":"ItemsQuantityAttributes"},"quantityAttributes":{"increment":1,"initial":1,"max":500,"min":1,"quantityType":"each","selectOptions":[1,2,3,4,5,6,7,8,9],"defaultSelectOption":1,"parWeight":{"quantity":0.24,"measurementUnit":{"unitCode":"[lb_av]","costUnit":"lb","__typename":"SharedMeasurementUnit"},"__typename":"SharedMeasuredQuantity"},"viewSection":{"maxedOutString":"Max 500 per order","minReachedString":null,"unitAriaString":"item","unitPluralAriaString":"items","unitPluralString":"ct","unitString":"ct","iconUnitTypeVisibilityVariant":"hide","variableWeightDisclaimerString":"Final cost by weight","variableWeightDisclaimerLongString":"Final cost by weight","totalWeightEstimateTemplateString":"About %1 lb","totalWeightEstimateTemplatePluralString":"About %1 lbs","parWeightDisplayString":"About 0.24 lb each","quantityUnitVisibilityVariant":"show","stepperUnitTypeVisibilityVariant":"show","__typename":"ItemsResponseBackedQuantityAttributesSection"},"__typename":"ItemsQuantityAttributes"},"availability":{"available":true,"stockLevel":"highlyInStock","blackoutTimes":null,"viewSection":{"stockLevelLabelString":"Many in stock","outOfStockCtaString":null,"similarItemsActionVariant":"none","warningIconImage":{"id":"9f290788","url":"https://www.instacart.com/assets/dependability/item_availability/highly_in_stock-18910a57dac5f8e2db073c800e1742558d519cc5d5b20f375efa8a495462471c.png","__typename":"Image"},"__typename":"AvailabilityResponseBackedAvailabilitySection"},"__typename":"ItemsAvailability"},"variantGroup":null,"variantGroupId":null,"variantDimensionValues":[],"viewSection":{"itemImage":{"altText":null,"templateUrl":"https://www.instacart.com/image-server/{width=}x{height=}/filters:fill(FFFFFF,true):format(jpg)/d2lnr5mha7bycj.cloudfront.net/product-image/file/large_01ad8efc-cdc1-4503-b80e-94851b480230.jpg","url":"https://d2lnr5mha7bycj.cloudfront.net/product-image/file/large_01ad8efc-cdc1-4503-b80e-94851b480230.jpg","__typename":"Image"},"trackingProperties":{"availability_score":0.9892,"available_ind":true,"blackout":false,"element_attributes":{"attributes":[],"low_stock_label":false},"element_details":{"element_id":"items_40286-3304673","element_type":"item","item_tags":[],"product_id":"3304673","retailer_id":"1253","retailer_location_id":"40286"},"external_sku_id":null,"item_id":"1439010919","item_name":"Red Onion","itemsview___layouts___itemsresponsebacked___item":"42eb5145-51a9-4377-b62e-e7661e357b5e","low_stock_label":false,"low_stock_variant":"none","on_sale_ind":{"buy_one_get_one":false,"cpg_coupon":false,"on_sale":false,"retailer":false},"product_category_name":"Red Onions","product_id":"3304673","restricted_for_targeting_and_sharing":false,"stock_level":"highly_in_stock"},"itemCardRatingVariant":"hidden","itemCardQuickAddVariant":"control","itemCardDiscountBadgeVariant":"hide","itemCardLowStockLevelVariant":"visible","itemCardPricePerUnitVariant":"hide","quantityAttributesVariant":"qtyOnly","hideActionsOnCartItemVariant":"false","itemCardHideQuickAddPriceVariant":"show","itemCardHideSizeVariant":"show","lowStockVariant":"none","boughtXTimesString":null,"requestAddString":null,"servingSizeString":null,"itemString":"Item","retailerReferenceCodeString":null,"retailerLookupCodeString":null,"variantDimensionsString":null,"tastingNotesString":null,"rewardProgramLabelString":null,"nameStringFormatted":{"id":"0b882bbc","sections":[{"id":"e1eb1ebc","name":"bodymedium2","content":"Red Onion","__typename":"ViewFormattedStringSection"}],"__typename":"ViewFormattedString"},"taxStringFormatted":null,"fsaHsaEligibleString":null,"itemTransparentImage":null,"__typename":"ItemsResponseBackedItemSection"},"tags":[],"comboPromotions":[],"nutritionalAttributes":null,"__typename":"ItemsItem","price":{"id":"items_40286-3304673","itemId":"items_40286-3304673","debugProperties":{},"viewSection":{"badge":null,"itemCard":{"id":"items_response_backed:642e29c7:item_price:76c9a4c7:item_card","fullPriceString":null,"priceAriaLabelString":"$0.38 each (estimated)","pricePerUnitString":null,"priceString":"$0.38 each (est.)","pricingUnitSecondaryString":"About 0.24 lb each","pricingUnitString":"$1.57 / lb","trackingProperties":{"item_card_impression_id":"fd94c870-5d7c-4a34-aa71-14b9779ba95f"},"discountHeaderString":null,"discountSubHeaderString":"off!","priceSuffixString":"each (est.)","plainFullPriceString":null,"priceScreenReaderString":"Current price: $0.38 each (estimated)","fullPriceScreenReaderString":null,"priceBackgroundVariant":"hide","loyaltyProgramVariant":"hide","pricingUnitConvergenceVariant":"variant","badgeVisibilityVariant":"hide","priceStringFormatted":{"id":"10869160","sections":[{"id":"949ffb64","name":"small_currency_symbol","content":"$","__typename":"ViewFormattedStringSection"},{"id":"d0177793","name":"dollar","content":"0","__typename":"ViewFormattedStringSection"},{"id":"29569176","name":"cents","content":"38","__typename":"ViewFormattedStringSection"}],"__typename":"ViewFormattedString"},"offerLabelStringFormatted":null,"loyaltyPriceStringFormatted":null,"nonLoyaltyPriceStringFormatted":null,"loyaltyPriceStringPositionVariant":"control","secondaryTopStringFormatted":{"id":"362c7db0","sections":[{"id":"a8898d9c","name":null,"content":"each (est.)","__typename":"ViewFormattedStringSection"}],"__typename":"ViewFormattedString"},"secondaryBottomStringFormatted":null,"smartDiscountFormattedAttributesString":null,"__typename":"ItemsResponseBackedItemPriceItemCardSection"},"itemDetails":{"dealAppliedLabelString":null,"dealAppliedSoFarMessageString":null,"fullPriceString":null,"mixAndMatchItemsTitleString":"Available Mix \u0026 Match items","mixAndMatchItemsVariant":"hide","priceAriaLabelString":"$0.38 each (estimated)","priceEstimateVariant":"show","pricePerUnitString":"About $0.38 each","priceString":"$0.38 each (est.)","pricingUnitSecondaryString":"About 0.24 lb each","pricingUnitString":"$1.57 / lb","saleDisclaimerString":null,"addLoyaltyCardString":null,"loyaltyProgramVariant":"hide","secondaryTopStringFormatted":{"id":"f8e8a6cb","sections":[{"id":"fb55f7b0","name":null,"content":"each (est.)","__typename":"ViewFormattedStringSection"}],"__typename":"ViewFormattedString"},"secondaryBottomStringFormatted":null,"__typename":"ItemsResponseBackedItemPriceItemDetailsSection"},"sizeSelector":null,"fullPriceString":null,"priceString":"$0.38","priceValueString":"0.38","currencySymbolString":"$","trackingProperties":{"item_tasks":[],"on_sale_ind":{"loyalty":false},"price":"$0.38","price_data_source":"legacy","product_id":"3304673"},"__typename":"ItemsResponseBackedItemPriceSection"},"parWeightTotalEstimate":{"id":"3fabd70e","viewSection":{"parWeightString":"About 0.24 lb each","__typename":"ItemsResponseBackedParWeightTotalEstimateSection"},"__typename":"ItemsParWeightTotalEstimate"},"greatPrice":null,"__typename":"ItemsItemPrice"}},{"id":"items_40286-150457","itemLoadId":null,"name":"Green Cabbage","size":"1 each","productId":"150457","legacyId":"1439262164","legacyV3Id":"item_1439262164","configurableProductId":null,"brandName":null,"brandId":null,"evergreenUrl":"150457-green-cabbage-each","inStoreItemLocation":null,"retailer":{"isUltrafast":false,"__typename":"RetailersRetailer"},"dietary":{"mlDietaryAttributes":null,"mlShoppingAttributes":[],"viewSection":{"attributesString":null,"attributeSections":[],"attributeBadgeImage":null,"__typename":"ItemsResponseBackedDietarySection"},"__typename":"ItemsDietary"},"itemEbt":null,"itemFreshFunds":null,"itemMedicare":null,"productRating":null,"productCanonicalUrl":null,"quantityAttributesEach":{"increment":1,"initial":1,"max":500,"min":1,"quantityType":"each","selectOptions":[1,2,3,4,5,6,7,8,9],"defaultSelectOption":1,"parWeight":null,"viewSection":{"maxedOutString":"Max 500 per order","minReachedString":null,"unitAriaString":"item","unitPluralAriaString":"items","unitPluralString":"ct","unitString":"ct","iconUnitTypeVisibilityVariant":"hide","variableWeightDisclaimerString":null,"variableWeightDisclaimerLongString":null,"totalWeightEstimateTemplateString":null,"totalWeightEstimateTemplatePluralString":null,"parWeightDisplayString":null,"quantityUnitVisibilityVariant":"show","stepperUnitTypeVisibilityVariant":"hide","__typename":"ItemsResponseBackedQuantityAttributesSection"},"__typename":"ItemsQuantityAttributes"},"quantityAttributesWeight":{"increment":0.25,"initial":2,"max":500,"min":0.25,"quantityType":"weight","selectOptions":[0.25,0.5,0.75,1,1.25,1.75,2.25,2.75,3.25],"defaultSelectOption":1,"parWeight":null,"viewSection":{"maxedOutString":"Max 500 per order","minReachedString":null,"unitAriaString":"pound","unitPluralAriaString":"pounds","unitPluralString":"lbs","unitString":"lb","iconUnitTypeVisibilityVariant":"show","variableWeightDisclaimerString":null,"variableWeightDisclaimerLongString":null,"totalWeightEstimateTemplateString":null,"totalWeightEstimateTemplatePluralString":null,"parWeightDisplayString":null,"quantityUnitVisibilityVariant":"show","stepperUnitTypeVisibilityVariant":"show","__typename":"ItemsResponseBackedQuantityAttributesSection"},"__typename":"ItemsQuantityAttributes"},"quantityAttributes":{"increment":1,"initial":1,"max":500,"min":1,"quantityType":"each","selectOptions":[1,2,3,4,5,6,7,8,9],"defaultSelectOption":1,"parWeight":{"quantity":2,"measurementUnit":{"unitCode":"[lb_av]","costUnit":"lb","__typename":"SharedMeasurementUnit"},"__typename":"SharedMeasuredQuantity"},"viewSection":{"maxedOutString":"Max 500 per order","minReachedString":null,"unitAriaString":"item","unitPluralAriaString":"items","unitPluralString":"ct","unitString":"ct","iconUnitTypeVisibilityVariant":"hide","variableWeightDisclaimerString":"Final cost by weight","variableWeightDisclaimerLongString":"Final cost by weight","totalWeightEstimateTemplateString":"About %1 lb","totalWeightEstimateTemplatePluralString":"About %1 lbs","parWeightDisplayString":"About 2.0 lb each","quantityUnitVisibilityVariant":"show","stepperUnitTypeVisibilityVariant":"show","__typename":"ItemsResponseBackedQuantityAttributesSection"},"__typename":"ItemsQuantityAttributes"},"availability":{"available":true,"stockLevel":"highlyInStock","blackoutTimes":null,"viewSection":{"stockLevelLabelString":"Many in stock","outOfStockCtaString":null,"similarItemsActionVariant":"none","warningIconImage":{"id":"21de7d9a","url":"https://www.instacart.com/assets/dependability/item_availability/highly_in_stock-18910a57dac5f8e2db073c800e1742558d519cc5d5b20f375efa8a495462471c.png","__typename":"Image"},"__typename":"AvailabilityResponseBackedAvailabilitySection"},"__typename":"ItemsAvailability"},"variantGroup":null,"variantGroupId":null,"variantDimensionValues":[],"viewSection":{"itemImage":{"altText":null,"templateUrl":"https://www.instacart.com/image-server/{width=}x{height=}/filters:fill(FFFFFF,true):format(jpg)/d2lnr5mha7bycj.cloudfront.net/product-image/file/large_848473e2-7418-4f10-a154-a14531b9eb02.jpg","url":"https://d2lnr5mha7bycj.cloudfront.net/product-image/file/large_848473e2-7418-4f10-a154-a14531b9eb02.jpg","__typename":"Image"},"trackingProperties":{"availability_score":0.965,"available_ind":true,"blackout":false,"element_attributes":{"attributes":[],"low_stock_label":false},"element_details":{"element_id":"items_40286-150457","element_type":"item","item_tags":[],"product_id":"150457","retailer_id":"1253","retailer_location_id":"40286"},"external_sku_id":null,"item_id":"1439262164","item_name":"Green Cabbage","itemsview___layouts___itemsresponsebacked___item":"d44a0fec-286a-4eea-ab11-05b7ef1f3ca6","low_stock_label":false,"low_stock_variant":"none","on_sale_ind":{"buy_one_get_one":false,"cpg_coupon":false,"on_sale":false,"retailer":false},"product_category_name":"Green Cabbage","product_id":"150457","restricted_for_targeting_and_sharing":false,"stock_level":"highly_in_stock"},"itemCardRatingVariant":"hidden","itemCardQuickAddVariant":"control","itemCardDiscountBadgeVariant":"hide","itemCardLowStockLevelVariant":"visible","itemCardPricePerUnitVariant":"hide","quantityAttributesVariant":"qtyOnly","hideActionsOnCartItemVariant":"false","itemCardHideQuickAddPriceVariant":"show","itemCardHideSizeVariant":"show","lowStockVariant":"none","boughtXTimesString":null,"requestAddString":null,"servingSizeString":null,"itemString":"Item","retailerReferenceCodeString":null,"retailerLookupCodeString":null,"variantDimensionsString":null,"tastingNotesString":null,"rewardProgramLabelString":null,"nameStringFormatted":{"id":"155515de","sections":[{"id":"ef38b857","name":"bodymedium2","content":"Green Cabbage","__typename":"ViewFormattedStringSection"}],"__typename":"ViewFormattedString"},"taxStringFormatted":null,"fsaHsaEligibleString":null,"itemTransparentImage":null,"__typename":"ItemsResponseBackedItemSection"},"tags":[],"comboPromotions":[],"nutritionalAttributes":null,"__typename":"ItemsItem","price":{"id":"items_40286-150457","itemId":"items_40286-150457","debugProperties":{},"viewSection":{"badge":null,"itemCard":{"id":"items_response_backed:870e414b:item_price:b57d6211:item_card","fullPriceString":null,"priceAriaLabelString":"$2.16 each (estimated)","pricePerUnitString":null,"priceString":"$2.16 each (est.)","pricingUnitSecondaryString":"About 2.0 lb each","pricingUnitString":"$1.08 / lb","trackingProperties":{"item_card_impression_id":"78665a10-62c8-4238-9fc3-6cf77cd3d47c"},"discountHeaderString":null,"discountSubHeaderString":"off!","priceSuffixString":"each (est.)","plainFullPriceString":null,"priceScreenReaderString":"Current price: $2.16 each (estimated)","fullPriceScreenReaderString":null,"priceBackgroundVariant":"hide","loyaltyProgramVariant":"hide","pricingUnitConvergenceVariant":"variant","badgeVisibilityVariant":"hide","priceStringFormatted":{"id":"e802028c","sections":[{"id":"6216cb92","name":"small_currency_symbol","content":"$","__typename":"ViewFormattedStringSection"},{"id":"c72ce5bd","name":"dollar","content":"2","__typename":"ViewFormattedStringSection"},{"id":"0ce7deba","name":"cents","content":"16","__typename":"ViewFormattedStringSection"}],"__typename":"ViewFormattedString"},"offerLabelStringFormatted":null,"loyaltyPriceStringFormatted":null,"nonLoyaltyPriceStringFormatted":null,"loyaltyPriceStringPositionVariant":"control","secondaryTopStringFormatted":{"id":"1b258d8d","sections":[{"id":"46923c53","name":null,"content":"each (est.)","__typename":"ViewFormattedStringSection"}],"__typename":"ViewFormattedString"},"secondaryBottomStringFormatted":null,"smartDiscountFormattedAttributesString":null,"__typename":"ItemsResponseBackedItemPriceItemCardSection"},"itemDetails":{"dealAppliedLabelString":null,"dealAppliedSoFarMessageString":null,"fullPriceString":null,"mixAndMatchItemsTitleString":"Available Mix \u0026 Match items","mixAndMatchItemsVariant":"hide","priceAriaLabelString":"$2.16 each (estimated)","priceEstimateVariant":"show","pricePerUnitString":"About $2.16 each","priceString":"$2.16 each (est.)","pricingUnitSecondaryString":"About 2.0 lb each","pricingUnitString":"$1.08 / lb","saleDisclaimerString":null,"addLoyaltyCardString":null,"loyaltyProgramVariant":"hide","secondaryTopStringFormatted":{"id":"d42d48f3","sections":[{"id":"10774ef7","name":null,"content":"each (est.)","__typename":"ViewFormattedStringSection"}],"__typename":"ViewFormattedString"},"secondaryBottomStringFormatted":null,"__typename":"ItemsResponseBackedItemPriceItemDetailsSection"},"sizeSelector":null,"fullPriceString":null,"priceString":"$2.16","priceValueString":"2.16","currencySymbolString":"$","trackingProperties":{"item_tasks":[],"on_sale_ind":{"loyalty":false},"price":"$2.16","price_data_source":"legacy","product_id":"150457"},"__typename":"ItemsResponseBackedItemPriceSection"},"parWeightTotalEstimate":{"id":"086fdcf4","viewSection":{"parWeightString":"About 2.0 lb each","__typename":"ItemsResponseBackedParWeightTotalEstimateSection"},"__typename":"ItemsParWeightTotalEstimate"},"greatPrice":null,"__typename":"ItemsItemPrice"}},{"id":"items_40286-16614390","itemLoadId":null,"name":"Poblano Pepper","size":"1 ct","productId":"16614390","legacyId":"1439236168","legacyV3Id":"item_1439236168","configurableProductId":null,"brandName":null,"brandId":null,"evergreenUrl":"16614390-poblano-pepper-each","inStoreItemLocation":null,"retailer":{"isUltrafast":false,"__typename":"RetailersRetailer"},"dietary":{"mlDietaryAttributes":null,"mlShoppingAttributes":[],"viewSection":{"attributesString":null,"attributeSections":[],"attributeBadgeImage":null,"__typename":"ItemsResponseBackedDietarySection"},"__typename":"ItemsDietary"},"itemEbt":null,"itemFreshFunds":null,"itemMedicare":null,"productRating":null,"productCanonicalUrl":null,"quantityAttributesEach":{"increment":1,"initial":1,"max":500,"min":1,"quantityType":"each","selectOptions":[1,2,3,4,5,6,7,8,9],"defaultSelectOption":1,"parWeight":null,"viewSection":{"maxedOutString":"Max 500 per order","minReachedString":null,"unitAriaString":"item","unitPluralAriaString":"items","unitPluralString":"ct","unitString":"ct","iconUnitTypeVisibilityVariant":"hide","variableWeightDisclaimerString":null,"variableWeightDisclaimerLongString":null,"totalWeightEstimateTemplateString":null,"totalWeightEstimateTemplatePluralString":null,"parWeightDisplayString":null,"quantityUnitVisibilityVariant":"show","stepperUnitTypeVisibilityVariant":"hide","__typename":"ItemsResponseBackedQuantityAttributesSection"},"__typename":"ItemsQuantityAttributes"},"quantityAttributesWeight":{"increment":0.25,"initial":0.25,"max":500,"min":0.25,"quantityType":"weight","selectOptions":[0.25,0.5,0.75,1,1.25,1.75,2.25,2.75,3.25],"defaultSelectOption":1,"parWeight":null,"viewSection":{"maxedOutString":"Max 500 per order","minReachedString":null,"unitAriaString":"pound","unitPluralAriaString":"pounds","unitPluralString":"lbs","unitString":"lb","iconUnitTypeVisibilityVariant":"show","variableWeightDisclaimerString":null,"variableWeightDisclaimerLongString":null,"totalWeightEstimateTemplateString":null,"totalWeightEstimateTemplatePluralString":null,"parWeightDisplayString":null,"quantityUnitVisibilityVariant":"show","stepperUnitTypeVisibilityVariant":"show","__typename":"ItemsResponseBackedQuantityAttributesSection"},"__typename":"ItemsQuantityAttributes"},"quantityAttributes":{"increment":1,"initial":1,"max":500,"min":1,"quantityType":"each","selectOptions":[1,2,3,4,5,6,7,8,9],"defaultSelectOption":1,"parWeight":{"quantity":0.1,"measurementUnit":{"unitCode":"[lb_av]","costUnit":"lb","__typename":"SharedMeasurementUnit"},"__typename":"SharedMeasuredQuantity"},"viewSection":{"maxedOutString":"Max 500 per order","minReachedString":null,"unitAriaString":"item","unitPluralAriaString":"items","unitPluralString":"ct","unitString":"ct","iconUnitTypeVisibilityVariant":"hide","variableWeightDisclaimerString":"Final cost by weight","variableWeightDisclaimerLongString":"Final cost by weight","totalWeightEstimateTemplateString":"About %1 lb","totalWeightEstimateTemplatePluralString":"About %1 lbs","parWeightDisplayString":"About 0.1 lb each","quantityUnitVisibilityVariant":"show","stepperUnitTypeVisibilityVariant":"show","__typename":"ItemsResponseBackedQuantityAttributesSection"},"__typename":"ItemsQuantityAttributes"},"availability":{"available":true,"stockLevel":"highlyInStock","blackoutTimes":null,"viewSection":{"stockLevelLabelString":"Many in stock","outOfStockCtaString":null,"similarItemsActionVariant":"none","warningIconImage":{"id":"02c37fc1","url":"https://www.instacart.com/assets/dependability/item_availability/highly_in_stock-18910a57dac5f8e2db073c800e1742558d519cc5d5b20f375efa8a495462471c.png","__typename":"Image"},"__typename":"AvailabilityResponseBackedAvailabilitySection"},"__typename":"ItemsAvailability"},"variantGroup":null,"variantGroupId":null,"variantDimensionValues":[],"viewSection":{"itemImage":{"altText":null,"templateUrl":"https://www.instacart.com/image-server/{width=}x{height=}/filters:fill(FFFFFF,true):format(jpg)/d2lnr5mha7bycj.cloudfront.net/product-image/file/large_2e1b90d5-57de-46de-9a74-07d3a2d4fd64.jpg","url":"https://d2lnr5mha7bycj.cloudfront.net/product-image/file/large_2e1b90d5-57de-46de-9a74-07d3a2d4fd64.jpg","__typename":"Image"},"trackingProperties":{"availability_score":0.9899,"available_ind":true,"blackout":false,"element_attributes":{"attributes":[],"low_stock_label":false},"element_details":{"element_id":"items_40286-16614390","element_type":"item","item_tags":[],"product_id":"16614390","retailer_id":"1253","retailer_location_id":"40286"},"external_sku_id":null,"item_id":"1439236168","item_name":"Poblano Pepper","itemsview___layouts___itemsresponsebacked___item":"f74e3ccb-a0c9-4630-a6f9-addb8c9a4686","low_stock_label":false,"low_stock_variant":"none","on_sale_ind":{"buy_one_get_one":false,"cpg_coupon":false,"on_sale":false,"retailer":false},"product_category_name":"Poblano Peppers","product_id":"16614390","restricted_for_targeting_and_sharing":false,"stock_level":"highly_in_stock"},"itemCardRatingVariant":"hidden","itemCardQuickAddVariant":"control","itemCardDiscountBadgeVariant":"hide","itemCardLowStockLevelVariant":"visible","itemCardPricePerUnitVariant":"hide","quantityAttributesVariant":"qtyOnly","hideActionsOnCartItemVariant":"false","itemCardHideQuickAddPriceVariant":"show","itemCardHideSizeVariant":"show","lowStockVariant":"none","boughtXTimesString":null,"requestAddString":null,"servingSizeString":null,"itemString":"Item","retailerReferenceCodeString":null,"retailerLookupCodeString":null,"variantDimensionsString":null,"tastingNotesString":null,"rewardProgramLabelString":null,"nameStringFormatted":{"id":"cedae19a","sections":[{"id":"725bd743","name":"bodymedium2","content":"Poblano Pepper","__typename":"ViewFormattedStringSection"}],"__typename":"ViewFormattedString"},"taxStringFormatted":null,"fsaHsaEligibleString":null,"itemTransparentImage":null,"__typename":"ItemsResponseBackedItemSection"},"tags":[],"comboPromotions":[],"nutritionalAttributes":null,"__typename":"ItemsItem","price":{"id":"items_40286-16614390","itemId":"items_40286-16614390","debugProperties":{},"viewSection":{"badge":null,"itemCard":{"id":"items_response_backed:d7937939:item_price:11ea9fc1:item_card","fullPriceString":null,"priceAriaLabelString":"$0.24 each (estimated)","pricePerUnitString":null,"priceString":"$0.24 each (est.)","pricingUnitSecondaryString":"About 0.1 lb each","pricingUnitString":"$2.42 / lb","trackingProperties":{"item_card_impression_id":"f67119a1-da39-4fb5-944f-6cf6315d9a1e"},"discountHeaderString":null,"discountSubHeaderString":"off!","priceSuffixString":"each (est.)","plainFullPriceString":null,"priceScreenReaderString":"Current price: $0.24 each (estimated)","fullPriceScreenReaderString":null,"priceBackgroundVariant":"hide","loyaltyProgramVariant":"hide","pricingUnitConvergenceVariant":"variant","badgeVisibilityVariant":"hide","priceStringFormatted":{"id":"c71543b6","sections":[{"id":"c2b065c8","name":"small_currency_symbol","content":"$","__typename":"ViewFormattedStringSection"},{"id":"7d341a63","name":"dollar","content":"0","__typename":"ViewFormattedStringSection"},{"id":"dc5f3832","name":"cents","content":"24","__typename":"ViewFormattedStringSection"}],"__typename":"ViewFormattedString"},"offerLabelStringFormatted":null,"loyaltyPriceStringFormatted":null,"nonLoyaltyPriceStringFormatted":null,"loyaltyPriceStringPositionVariant":"control","secondaryTopStringFormatted":{"id":"4fab8cde","sections":[{"id":"bd10a5b2","name":null,"content":"each (est.)","__typename":"ViewFormattedStringSection"}],"__typename":"ViewFormattedString"},"secondaryBottomStringFormatted":null,"smartDiscountFormattedAttributesString":null,"__typename":"ItemsResponseBackedItemPriceItemCardSection"},"itemDetails":{"dealAppliedLabelString":null,"dealAppliedSoFarMessageString":null,"fullPriceString":null,"mixAndMatchItemsTitleString":"Available Mix \u0026 Match items","mixAndMatchItemsVariant":"hide","priceAriaLabelString":"$0.24 each (estimated)","priceEstimateVariant":"show","pricePerUnitString":"About $0.24 each","priceString":"$0.24 each (est.)","pricingUnitSecondaryString":"About 0.1 lb each","pricingUnitString":"$2.42 / lb","saleDisclaimerString":null,"addLoyaltyCardString":null,"loyaltyProgramVariant":"hide","secondaryTopStringFormatted":{"id":"0fd6cae8","sections":[{"id":"1e753046","name":null,"content":"each (est.)","__typename":"ViewFormattedStringSection"}],"__typename":"ViewFormattedString"},"secondaryBottomStringFormatted":null,"__typename":"ItemsResponseBackedItemPriceItemDetailsSection"},"sizeSelector":null,"fullPriceString":null,"priceString":"$0.24","priceValueString":"0.24","currencySymbolString":"$","trackingProperties":{"item_tasks":[],"on_sale_ind":{"loyalty":false},"price":"$0.24","price_data_source":"legacy","product_id":"16614390"},"__typename":"ItemsResponseBackedItemPriceSection"},"parWeightTotalEstimate":{"id":"22d5cfeb","viewSection":{"parWeightString":"About 0.1 lb each","__typename":"ItemsResponseBackedParWeightTotalEstimateSection"},"__typename":"ItemsParWeightTotalEstimate"},"greatPrice":null,"__typename":"ItemsItemPrice"}},{"id":"items_40286-3256531","itemLoadId":null,"name":"Green Bell Pepper","size":"1 each","productId":"3256531","legacyId":"1438328997","legacyV3Id":"item_1438328997","configurableProductId":null,"brandName":null,"brandId":null,"evergreenUrl":"3256531-green-bell-pepper-each","inStoreItemLocation":null,"retailer":{"isUltrafast":false,"__typename":"RetailersRetailer"},"dietary":{"mlDietaryAttributes":null,"mlShoppingAttributes":[],"viewSection":{"attributesString":null,"attributeSections":[],"attributeBadgeImage":null,"__typename":"ItemsResponseBackedDietarySection"},"__typename":"ItemsDietary"},"itemEbt":null,"itemFreshFunds":null,"itemMedicare":null,"productRating":null,"productCanonicalUrl":null,"quantityAttributesEach":{"increment":1,"initial":1,"max":500,"min":1,"quantityType":"each","selectOptions":[1,2,3,4,5,6,7,8,9],"defaultSelectOption":1,"parWeight":null,"viewSection":{"maxedOutString":"Max 500 per order","minReachedString":null,"unitAriaString":"item","unitPluralAriaString":"items","unitPluralString":"ct","unitString":"ct","iconUnitTypeVisibilityVariant":"hide","variableWeightDisclaimerString":null,"variableWeightDisclaimerLongString":null,"totalWeightEstimateTemplateString":null,"totalWeightEstimateTemplatePluralString":null,"parWeightDisplayString":null,"quantityUnitVisibilityVariant":"show","stepperUnitTypeVisibilityVariant":"hide","__typename":"ItemsResponseBackedQuantityAttributesSection"},"__typename":"ItemsQuantityAttributes"},"quantityAttributesWeight":null,"quantityAttributes":{"increment":1,"initial":1,"max":500,"min":1,"quantityType":"each","selectOptions":[1,2,3,4,5,6,7,8,9],"defaultSelectOption":1,"parWeight":null,"viewSection":{"maxedOutString":"Max 500 per order","minReachedString":null,"unitAriaString":"item","unitPluralAriaString":"items","unitPluralString":"ct","unitString":"ct","iconUnitTypeVisibilityVariant":"hide","variableWeightDisclaimerString":null,"variableWeightDisclaimerLongString":null,"totalWeightEstimateTemplateString":null,"totalWeightEstimateTemplatePluralString":null,"parWeightDisplayString":null,"quantityUnitVisibilityVariant":"show","stepperUnitTypeVisibilityVariant":"hide","__typename":"ItemsResponseBackedQuantityAttributesSection"},"__typename":"ItemsQuantityAttributes"},"availability":{"available":true,"stockLevel":"highlyInStock","blackoutTimes":null,"viewSection":{"stockLevelLabelString":"Many in stock","outOfStockCtaString":null,"similarItemsActionVariant":"none","warningIconImage":{"id":"917be806","url":"https://www.instacart.com/assets/dependability/item_availability/highly_in_stock-18910a57dac5f8e2db073c800e1742558d519cc5d5b20f375efa8a495462471c.png","__typename":"Image"},"__typename":"AvailabilityResponseBackedAvailabilitySection"},"__typename":"ItemsAvailability"},"variantGroup":null,"variantGroupId":null,"variantDimensionValues":[],"viewSection":{"itemImage":{"altText":null,"templateUrl":"https://www.instacart.com/image-server/{width=}x{height=}/filters:fill(FFFFFF,true):format(jpg)/d2lnr5mha7bycj.cloudfront.net/product-image/file/large_3ffcdeaa-1363-450e-9de1-37c02ee53ba6.jpg","url":"https://d2lnr5mha7bycj.cloudfront.net/product-image/file/large_3ffcdeaa-1363-450e-9de1-37c02ee53ba6.jpg","__typename":"Image"},"trackingProperties":{"availability_score":0.9952,"available_ind":true,"blackout":false,"element_attributes":{"attributes":[],"low_stock_label":false},"element_details":{"element_id":"items_40286-3256531","element_type":"item","item_tags":[],"product_id":"3256531","retailer_id":"1253","retailer_location_id":"40286"},"external_sku_id":null,"item_id":"1438328997","item_name":"Green Bell Pepper","itemsview___layouts___itemsresponsebacked___item":"2b77acce-b303-4f2a-9a06-8186316c98e0","low_stock_label":false,"low_stock_variant":"none","on_sale_ind":{"buy_one_get_one":false,"cpg_coupon":false,"on_sale":false,"retailer":false},"product_category_name":"Green Bell Peppers","product_id":"3256531","restricted_for_targeting_and_sharing":false,"stock_level":"highly_in_stock"},"itemCardRatingVariant":"hidden","itemCardQuickAddVariant":"control","itemCardDiscountBadgeVariant":"hide","itemCardLowStockLevelVariant":"visible","itemCardPricePerUnitVariant":"hide","quantityAttributesVariant":"qtyOnly","hideActionsOnCartItemVariant":"false","itemCardHideQuickAddPriceVariant":"show","itemCardHideSizeVariant":"show","lowStockVariant":"none","boughtXTimesString":null,"requestAddString":null,"servingSizeString":null,"itemString":"Item","retailerReferenceCodeString":null,"retailerLookupCodeString":null,"variantDimensionsString":null,"tastingNotesString":null,"rewardProgramLabelString":null,"nameStringFormatted":{"id":"d756a9f1","sections":[{"id":"5ff89af9","name":"bodymedium2","content":"Green Bell Pepper","__typename":"ViewFormattedStringSection"}],"__typename":"ViewFormattedString"},"taxStringFormatted":null,"fsaHsaEligibleString":null,"itemTransparentImage":null,"__typename":"ItemsResponseBackedItemSection"},"tags":[],"comboPromotions":[],"nutritionalAttributes":[],"__typename":"ItemsItem","price":{"id":"items_40286-3256531","itemId":"items_40286-3256531","debugProperties":{},"viewSection":{"badge":null,"itemCard":{"id":"items_response_backed:1a608d52:item_price:ce77e8ed:item_card","fullPriceString":null,"priceAriaLabelString":"$1.45","pricePerUnitString":null,"priceString":"$1.45","pricingUnitSecondaryString":null,"pricingUnitString":"1 each","trackingProperties":{"item_card_impression_id":"578a993d-6b52-4320-a700-4f8d27e014cc"},"discountHeaderString":null,"discountSubHeaderString":"off!","priceSuffixString":"","plainFullPriceString":null,"priceScreenReaderString":"Current price: $1.45","fullPriceScreenReaderString":null,"priceBackgroundVariant":"hide","loyaltyProgramVariant":"hide","pricingUnitConvergenceVariant":"variant","badgeVisibilityVariant":"hide","priceStringFormatted":{"id":"76a8edb0","sections":[{"id":"7e568ad7","name":"small_currency_symbol","content":"$","__typename":"ViewFormattedStringSection"},{"id":"9c639fba","name":"dollar","content":"1","__typename":"ViewFormattedStringSection"},{"id":"4d1c73ac","name":"cents","content":"45","__typename":"ViewFormattedStringSection"}],"__typename":"ViewFormattedString"},"offerLabelStringFormatted":null,"loyaltyPriceStringFormatted":null,"nonLoyaltyPriceStringFormatted":null,"loyaltyPriceStringPositionVariant":"control","secondaryTopStringFormatted":null,"secondaryBottomStringFormatted":null,"smartDiscountFormattedAttributesString":null,"__typename":"ItemsResponseBackedItemPriceItemCardSection"},"itemDetails":{"dealAppliedLabelString":null,"dealAppliedSoFarMessageString":null,"fullPriceString":null,"mixAndMatchItemsTitleString":"Available Mix \u0026 Match items","mixAndMatchItemsVariant":"hide","priceAriaLabelString":"$1.45","priceEstimateVariant":"hide","pricePerUnitString":null,"priceString":"$1.45","pricingUnitSecondaryString":null,"pricingUnitString":"1 each","saleDisclaimerString":null,"addLoyaltyCardString":null,"loyaltyProgramVariant":"hide","secondaryTopStringFormatted":null,"secondaryBottomStringFormatted":null,"__typename":"ItemsResponseBackedItemPriceItemDetailsSection"},"sizeSelector":null,"fullPriceString":null,"priceString":"$1.45","priceValueString":"1.45","currencySymbolString":"$","trackingProperties":{"item_tasks":[],"on_sale_ind":{"loyalty":false},"price":"$1.45","price_data_source":"legacy","product_id":"3256531"},"__typename":"ItemsResponseBackedItemPriceSection"},"parWeightTotalEstimate":{"id":"ad892727","viewSection":{"parWeightString":null,"__typename":"ItemsResponseBackedParWeightTotalEstimateSection"},"__typename":"ItemsParWeightTotalEstimate"},"greatPrice":null,"__typename":"ItemsItemPrice"}},{"id":"items_40286-3265975","itemLoadId":null,"name":"Yellow Onion","size":"1 each","productId":"3265975","legacyId":"1439235309","legacyV3Id":"item_1439235309","configurableProductId":null,"brandName":null,"brandId":null,"evergreenUrl":"3265975-yellow-onion-each","inStoreItemLocation":null,"retailer":{"isUltrafast":false,"__typename":"RetailersRetailer"},"dietary":{"mlDietaryAttributes":null,"mlShoppingAttributes":[],"viewSection":{"attributesString":null,"attributeSections":[],"attributeBadgeImage":null,"__typename":"ItemsResponseBackedDietarySection"},"__typename":"ItemsDietary"},"itemEbt":null,"itemFreshFunds":null,"itemMedicare":null,"productRating":null,"productCanonicalUrl":null,"quantityAttributesEach":{"increment":1,"initial":1,"max":500,"min":1,"quantityType":"each","selectOptions":[1,2,3,4,5,6,7,8,9],"defaultSelectOption":1,"parWeight":null,"viewSection":{"maxedOutString":"Max 500 per order","minReachedString":null,"unitAriaString":"item","unitPluralAriaString":"items","unitPluralString":"ct","unitString":"ct","iconUnitTypeVisibilityVariant":"hide","variableWeightDisclaimerString":null,"variableWeightDisclaimerLongString":null,"totalWeightEstimateTemplateString":null,"totalWeightEstimateTemplatePluralString":null,"parWeightDisplayString":null,"quantityUnitVisibilityVariant":"show","stepperUnitTypeVisibilityVariant":"hide","__typename":"ItemsResponseBackedQuantityAttributesSection"},"__typename":"ItemsQuantityAttributes"},"quantityAttributesWeight":{"increment":0.25,"initial":0.25,"max":500,"min":0.25,"quantityType":"weight","selectOptions":[0.25,0.5,0.75,1,1.25,1.75,2.25,2.75,3.25],"defaultSelectOption":1,"parWeight":null,"viewSection":{"maxedOutString":"Max 500 per order","minReachedString":null,"unitAriaString":"pound","unitPluralAriaString":"pounds","unitPluralString":"lbs","unitString":"lb","iconUnitTypeVisibilityVariant":"show","variableWeightDisclaimerString":null,"variableWeightDisclaimerLongString":null,"totalWeightEstimateTemplateString":null,"totalWeightEstimateTemplatePluralString":null,"parWeightDisplayString":null,"quantityUnitVisibilityVariant":"show","stepperUnitTypeVisibilityVariant":"show","__typename":"ItemsResponseBackedQuantityAttributesSection"},"__typename":"ItemsQuantityAttributes"},"quantityAttributes":{"increment":1,"initial":1,"max":500,"min":1,"quantityType":"each","selectOptions":[1,2,3,4,5,6,7,8,9],"defaultSelectOption":1,"parWeight":{"quantity":0.24,"measurementUnit":{"unitCode":"[lb_av]","costUnit":"lb","__typename":"SharedMeasurementUnit"},"__typename":"SharedMeasuredQuantity"},"viewSection":{"maxedOutString":"Max 500 per order","minReachedString":null,"unitAriaString":"item","unitPluralAriaString":"items","unitPluralString":"ct","unitString":"ct","iconUnitTypeVisibilityVariant":"hide","variableWeightDisclaimerString":"Final cost by weight","variableWeightDisclaimerLongString":"Final cost by weight","totalWeightEstimateTemplateString":"About %1 lb","totalWeightEstimateTemplatePluralString":"About %1 lbs","parWeightDisplayString":"About 0.24 lb each","quantityUnitVisibilityVariant":"show","stepperUnitTypeVisibilityVariant":"show","__typename":"ItemsResponseBackedQuantityAttributesSection"},"__typename":"ItemsQuantityAttributes"},"availability":{"available":true,"stockLevel":"highlyInStock","blackoutTimes":null,"viewSection":{"stockLevelLabelString":"Many in stock","outOfStockCtaString":null,"similarItemsActionVariant":"none","warningIconImage":{"id":"b44d15e8","url":"https://www.instacart.com/assets/dependability/item_availability/highly_in_stock-18910a57dac5f8e2db073c800e1742558d519cc5d5b20f375efa8a495462471c.png","__typename":"Image"},"__typename":"AvailabilityResponseBackedAvailabilitySection"},"__typename":"ItemsAvailability"},"variantGroup":null,"variantGroupId":null,"variantDimensionValues":[],"viewSection":{"itemImage":{"altText":null,"templateUrl":"https://www.instacart.com/image-server/{width=}x{height=}/filters:fill(FFFFFF,true):format(jpg)/d2lnr5mha7bycj.cloudfront.net/product-image/file/large_c52783e5-46ee-4c38-b0a0-6e792b9fe497.jpg","url":"https://d2lnr5mha7bycj.cloudfront.net/product-image/file/large_c52783e5-46ee-4c38-b0a0-6e792b9fe497.jpg","__typename":"Image"},"trackingProperties":{"availability_score":0.9807,"available_ind":true,"blackout":false,"element_attributes":{"attributes":[],"low_stock_label":false},"element_details":{"element_id":"items_40286-3265975","element_type":"item","item_tags":[],"product_id":"3265975","retailer_id":"1253","retailer_location_id":"40286"},"external_sku_id":null,"item_id":"1439235309","item_name":"Yellow Onion","itemsview___layouts___itemsresponsebacked___item":"27b98e49-c44a-4ffc-b3b1-88018f91a26f","low_stock_label":false,"low_stock_variant":"none","on_sale_ind":{"buy_one_get_one":false,"cpg_coupon":false,"on_sale":false,"retailer":false},"product_category_name":"Yellow Onions","product_id":"3265975","restricted_for_targeting_and_sharing":false,"stock_level":"highly_in_stock"},"itemCardRatingVariant":"hidden","itemCardQuickAddVariant":"control","itemCardDiscountBadgeVariant":"hide","itemCardLowStockLevelVariant":"visible","itemCardPricePerUnitVariant":"hide","quantityAttributesVariant":"qtyOnly","hideActionsOnCartItemVariant":"false","itemCardHideQuickAddPriceVariant":"show","itemCardHideSizeVariant":"show","lowStockVariant":"none","boughtXTimesString":null,"requestAddString":null,"servingSizeString":null,"itemString":"Item","retailerReferenceCodeString":null,"retailerLookupCodeString":null,"variantDimensionsString":null,"tastingNotesString":null,"rewardProgramLabelString":null,"nameStringFormatted":{"id":"59e76027","sections":[{"id":"0ebb7772","name":"bodymedium2","content":"Yellow Onion","__typename":"ViewFormattedStringSection"}],"__typename":"ViewFormattedString"},"taxStringFormatted":null,"fsaHsaEligibleString":null,"itemTransparentImage":null,"__typename":"ItemsResponseBackedItemSection"},"tags":[],"comboPromotions":[],"nutritionalAttributes":null,"__typename":"ItemsItem","price":{"id":"items_40286-3265975","itemId":"items_40286-3265975","debugProperties":{},"viewSection":{"badge":null,"itemCard":{"id":"items_response_backed:dee9ab60:item_price:6810e558:item_card","fullPriceString":null,"priceAriaLabelString":"$0.88 each (estimated)","pricePerUnitString":null,"priceString":"$0.88 each (est.)","pricingUnitSecondaryString":"About 0.24 lb each","pricingUnitString":"$3.65 / lb","trackingProperties":{"item_card_impression_id":"37a67d40-75fc-4685-9ea5-e293b2fb705f"},"discountHeaderString":null,"discountSubHeaderString":"off!","priceSuffixString":"each (est.)","plainFullPriceString":null,"priceScreenReaderString":"Current price: $0.88 each (estimated)","fullPriceScreenReaderString":null,"priceBackgroundVariant":"hide","loyaltyProgramVariant":"hide","pricingUnitConvergenceVariant":"variant","badgeVisibilityVariant":"hide","priceStringFormatted":{"id":"897ed6f1","sections":[{"id":"2367ff59","name":"small_currency_symbol","content":"$","__typename":"ViewFormattedStringSection"},{"id":"13589ce3","name":"dollar","content":"0","__typename":"ViewFormattedStringSection"},{"id":"12da68de","name":"cents","content":"88","__typename":"ViewFormattedStringSection"}],"__typename":"ViewFormattedString"},"offerLabelStringFormatted":null,"loyaltyPriceStringFormatted":null,"nonLoyaltyPriceStringFormatted":null,"loyaltyPriceStringPositionVariant":"control","secondaryTopStringFormatted":{"id":"ece69eab","sections":[{"id":"ec7d35f6","name":null,"content":"each (est.)","__typename":"ViewFormattedStringSection"}],"__typename":"ViewFormattedString"},"secondaryBottomStringFormatted":null,"smartDiscountFormattedAttributesString":null,"__typename":"ItemsResponseBackedItemPriceItemCardSection"},"itemDetails":{"dealAppliedLabelString":null,"dealAppliedSoFarMessageString":null,"fullPriceString":null,"mixAndMatchItemsTitleString":"Available Mix \u0026 Match items","mixAndMatchItemsVariant":"hide","priceAriaLabelString":"$0.88 each (estimated)","priceEstimateVariant":"show","pricePerUnitString":"About $0.88 each","priceString":"$0.88 each (est.)","pricingUnitSecondaryString":"About 0.24 lb each","pricingUnitString":"$3.65 / lb","saleDisclaimerString":null,"addLoyaltyCardString":null,"loyaltyProgramVariant":"hide","secondaryTopStringFormatted":{"id":"153716f3","sections":[{"id":"97749366","name":null,"content":"each (est.)","__typename":"ViewFormattedStringSection"}],"__typename":"ViewFormattedString"},"secondaryBottomStringFormatted":null,"__typename":"ItemsResponseBackedItemPriceItemDetailsSection"},"sizeSelector":null,"fullPriceString":null,"priceString":"$0.88","priceValueString":"0.88","currencySymbolString":"$","trackingProperties":{"item_tasks":[],"on_sale_ind":{"loyalty":false},"price":"$0.88","price_data_source":"legacy","product_id":"3265975"},"__typename":"ItemsResponseBackedItemPriceSection"},"parWeightTotalEstimate":{"id":"8d604fd9","viewSection":{"parWeightString":"About 0.24 lb each","__typename":"ItemsResponseBackedParWeightTotalEstimateSection"},"__typename":"ItemsParWeightTotalEstimate"},"greatPrice":null,"__typename":"ItemsItemPrice"}},{"id":"items_40286-3293710","itemLoadId":null,"name":"Iceberg Lettuce","size":"1 each","productId":"3293710","legacyId":"1438333515","legacyV3Id":"item_1438333515","configurableProductId":null,"brandName":null,"brandId":null,"evergreenUrl":"3293710-iceberg-lettuce-each","inStoreItemLocation":null,"retailer":{"isUltrafast":false,"__typename":"RetailersRetailer"},"dietary":{"mlDietaryAttributes":null,"mlShoppingAttributes":[],"viewSection":{"attributesString":null,"attributeSections":[],"attributeBadgeImage":null,"__typename":"ItemsResponseBackedDietarySection"},"__typename":"ItemsDietary"},"itemEbt":null,"itemFreshFunds":null,"itemMedicare":null,"productRating":null,"productCanonicalUrl":null,"quantityAttributesEach":{"increment":1,"initial":1,"max":500,"min":1,"quantityType":"each","selectOptions":[1,2,3,4,5,6,7,8,9],"defaultSelectOption":1,"parWeight":null,"viewSection":{"maxedOutString":"Max 500 per order","minReachedString":null,"unitAriaString":"item","unitPluralAriaString":"items","unitPluralString":"ct","unitString":"ct","iconUnitTypeVisibilityVariant":"hide","variableWeightDisclaimerString":null,"variableWeightDisclaimerLongString":null,"totalWeightEstimateTemplateString":null,"totalWeightEstimateTemplatePluralString":null,"parWeightDisplayString":null,"quantityUnitVisibilityVariant":"show","stepperUnitTypeVisibilityVariant":"hide","__typename":"ItemsResponseBackedQuantityAttributesSection"},"__typename":"ItemsQuantityAttributes"},"quantityAttributesWeight":null,"quantityAttributes":{"increment":1,"initial":1,"max":500,"min":1,"quantityType":"each","selectOptions":[1,2,3,4,5,6,7,8,9],"defaultSelectOption":1,"parWeight":null,"viewSection":{"maxedOutString":"Max 500 per order","minReachedString":null,"unitAriaString":"item","unitPluralAriaString":"items","unitPluralString":"ct","unitString":"ct","iconUnitTypeVisibilityVariant":"hide","variableWeightDisclaimerString":null,"variableWeightDisclaimerLongString":null,"totalWeightEstimateTemplateString":null,"totalWeightEstimateTemplatePluralString":null,"parWeightDisplayString":null,"quantityUnitVisibilityVariant":"show","stepperUnitTypeVisibilityVariant":"hide","__typename":"ItemsResponseBackedQuantityAttributesSection"},"__typename":"ItemsQuantityAttributes"},"availability":{"available":true,"stockLevel":"highlyInStock","blackoutTimes":null,"viewSection":{"stockLevelLabelString":"Many in stock","outOfStockCtaString":null,"similarItemsActionVariant":"none","warningIconImage":{"id":"b924634a","url":"https://www.instacart.com/assets/dependability/item_availability/highly_in_stock-18910a57dac5f8e2db073c800e1742558d519cc5d5b20f375efa8a495462471c.png","__typename":"Image"},"__typename":"AvailabilityResponseBackedAvailabilitySection"},"__typename":"ItemsAvailability"},"variantGroup":null,"variantGroupId":null,"variantDimensionValues":[],"viewSection":{"itemImage":{"altText":null,"templateUrl":"https://www.instacart.com/image-server/{width=}x{height=}/filters:fill(FFFFFF,true):format(jpg)/d2lnr5mha7bycj.cloudfront.net/product-image/file/large_3ea38082-38f8-41f8-a6fc-0c4ed481c040.jpg","url":"https://d2lnr5mha7bycj.cloudfront.net/product-image/file/large_3ea38082-38f8-41f8-a6fc-0c4ed481c040.jpg","__typename":"Image"},"trackingProperties":{"availability_score":0.9907,"available_ind":true,"blackout":false,"element_attributes":{"attributes":[],"low_stock_label":false},"element_details":{"element_id":"items_40286-3293710","element_type":"item","item_tags":[],"product_id":"3293710","retailer_id":"1253","retailer_location_id":"40286"},"external_sku_id":null,"item_id":"1438333515","item_name":"Iceberg Lettuce","itemsview___layouts___itemsresponsebacked___item":"81846ef5-23b5-4a73-9af2-802f9431384e","low_stock_label":false,"low_stock_variant":"none","on_sale_ind":{"buy_one_get_one":false,"cpg_coupon":false,"on_sale":false,"retailer":false},"product_category_name":"Iceberg Lettuce","product_id":"3293710","restricted_for_targeting_and_sharing":false,"stock_level":"highly_in_stock"},"itemCardRatingVariant":"hidden","itemCardQuickAddVariant":"control","itemCardDiscountBadgeVariant":"hide","itemCardLowStockLevelVariant":"visible","itemCardPricePerUnitVariant":"hide","quantityAttributesVariant":"qtyOnly","hideActionsOnCartItemVariant":"false","itemCardHideQuickAddPriceVariant":"show","itemCardHideSizeVariant":"show","lowStockVariant":"none","boughtXTimesString":null,"requestAddString":null,"servingSizeString":null,"itemString":"Item","retailerReferenceCodeString":null,"retailerLookupCodeString":null,"variantDimensionsString":null,"tastingNotesString":null,"rewardProgramLabelString":null,"nameStringFormatted":{"id":"2cf7d135","sections":[{"id":"87d6ea90","name":"bodymedium2","content":"Iceberg Lettuce","__typename":"ViewFormattedStringSection"}],"__typename":"ViewFormattedString"},"taxStringFormatted":null,"fsaHsaEligibleString":null,"itemTransparentImage":null,"__typename":"ItemsResponseBackedItemSection"},"tags":[],"comboPromotions":[],"nutritionalAttributes":null,"__typename":"ItemsItem","price":{"id":"items_40286-3293710","itemId":"items_40286-3293710","debugProperties":{},"viewSection":{"badge":null,"itemCard":{"id":"items_response_backed:dbd0b817:item_price:37411879:item_card","fullPriceString":null,"priceAriaLabelString":"$3.64","pricePerUnitString":null,"priceString":"$3.64","pricingUnitSecondaryString":null,"pricingUnitString":"1 each","trackingProperties":{"item_card_impression_id":"9568f45d-ed81-4a4b-a386-76f24e535df6"},"discountHeaderString":null,"discountSubHeaderString":"off!","priceSuffixString":"","plainFullPriceString":null,"priceScreenReaderString":"Current price: $3.64","fullPriceScreenReaderString":null,"priceBackgroundVariant":"hide","loyaltyProgramVariant":"hide","pricingUnitConvergenceVariant":"variant","badgeVisibilityVariant":"hide","priceStringFormatted":{"id":"b9e42436","sections":[{"id":"c8e0f35a","name":"small_currency_symbol","content":"$","__typename":"ViewFormattedStringSection"},{"id":"996a4633","name":"dollar","content":"3","__typename":"ViewFormattedStringSection"},{"id":"de619ff2","name":"cents","content":"64","__typename":"ViewFormattedStringSection"}],"__typename":"ViewFormattedString"},"offerLabelStringFormatted":null,"loyaltyPriceStringFormatted":null,"nonLoyaltyPriceStringFormatted":null,"loyaltyPriceStringPositionVariant":"control","secondaryTopStringFormatted":null,"secondaryBottomStringFormatted":null,"smartDiscountFormattedAttributesString":null,"__typename":"ItemsResponseBackedItemPriceItemCardSection"},"itemDetails":{"dealAppliedLabelString":null,"dealAppliedSoFarMessageString":null,"fullPriceString":null,"mixAndMatchItemsTitleString":"Available Mix \u0026 Match items","mixAndMatchItemsVariant":"hide","priceAriaLabelString":"$3.64","priceEstimateVariant":"hide","pricePerUnitString":null,"priceString":"$3.64","pricingUnitSecondaryString":null,"pricingUnitString":"1 each","saleDisclaimerString":null,"addLoyaltyCardString":null,"loyaltyProgramVariant":"hide","secondaryTopStringFormatted":null,"secondaryBottomStringFormatted":null,"__typename":"ItemsResponseBackedItemPriceItemDetailsSection"},"sizeSelector":null,"fullPriceString":null,"priceString":"$3.64","priceValueString":"3.64","currencySymbolString":"$","trackingProperties":{"item_tasks":[],"on_sale_ind":{"loyalty":false},"price":"$3.64","price_data_source":"legacy","product_id":"3293710"},"__typename":"ItemsResponseBackedItemPriceSection"},"parWeightTotalEstimate":{"id":"b0223784","viewSection":{"parWeightString":null,"__typename":"ItemsResponseBackedParWeightTotalEstimateSection"},"__typename":"ItemsParWeightTotalEstimate"},"greatPrice":null,"__typename":"ItemsItemPrice"}},{"id":"items_40286-16614371","itemLoadId":null,"name":"Green Onions (Scallions)","size":"1 bunch","productId":"16614371","legacyId":"1438499234","legacyV3Id":"item_1438499234","configurableProductId":null,"brandName":null,"brandId":null,"evergreenUrl":"16614371-green-onions-scallions-each","inStoreItemLocation":null,"retailer":{"isUltrafast":false,"__typename":"RetailersRetailer"},"dietary":{"mlDietaryAttributes":null,"mlShoppingAttributes":[],"viewSection":{"attributesString":null,"attributeSections":[],"attributeBadgeImage":null,"__typename":"ItemsResponseBackedDietarySection"},"__typename":"ItemsDietary"},"itemEbt":null,"itemFreshFunds":null,"itemMedicare":null,"productRating":null,"productCanonicalUrl":null,"quantityAttributesEach":{"increment":1,"initial":1,"max":500,"min":1,"quantityType":"each","selectOptions":[1,2,3,4,5,6,7,8,9],"defaultSelectOption":1,"parWeight":null,"viewSection":{"maxedOutString":"Max 500 per order","minReachedString":null,"unitAriaString":"item","unitPluralAriaString":"items","unitPluralString":"ct","unitString":"ct","iconUnitTypeVisibilityVariant":"hide","variableWeightDisclaimerString":null,"variableWeightDisclaimerLongString":null,"totalWeightEstimateTemplateString":null,"totalWeightEstimateTemplatePluralString":null,"parWeightDisplayString":null,"quantityUnitVisibilityVariant":"show","stepperUnitTypeVisibilityVariant":"hide","__typename":"ItemsResponseBackedQuantityAttributesSection"},"__typename":"ItemsQuantityAttributes"},"quantityAttributesWeight":null,"quantityAttributes":{"increment":1,"initial":1,"max":500,"min":1,"quantityType":"each","selectOptions":[1,2,3,4,5,6,7,8,9],"defaultSelectOption":1,"parWeight":null,"viewSection":{"maxedOutString":"Max 500 per order","minReachedString":null,"unitAriaString":"item","unitPluralAriaString":"items","unitPluralString":"ct","unitString":"ct","iconUnitTypeVisibilityVariant":"hide","variableWeightDisclaimerString":null,"variableWeightDisclaimerLongString":null,"totalWeightEstimateTemplateString":null,"totalWeightEstimateTemplatePluralString":null,"parWeightDisplayString":null,"quantityUnitVisibilityVariant":"show","stepperUnitTypeVisibilityVariant":"hide","__typename":"ItemsResponseBackedQuantityAttributesSection"},"__typename":"ItemsQuantityAttributes"},"availability":{"available":true,"stockLevel":"inStock","blackoutTimes":null,"viewSection":{"stockLevelLabelString":"In stock","outOfStockCtaString":null,"similarItemsActionVariant":"none","warningIconImage":null,"__typename":"AvailabilityResponseBackedAvailabilitySection"},"__typename":"ItemsAvailability"},"variantGroup":null,"variantGroupId":null,"variantDimensionValues":[],"viewSection":{"itemImage":{"altText":null,"templateUrl":"https://www.instacart.com/image-server/{width=}x{height=}/filters:fill(FFFFFF,true):format(jpg)/d2lnr5mha7bycj.cloudfront.net/product-image/file/large_52f86e5a-a448-4186-b726-2e6f506a5a4a.jpg","url":"https://d2lnr5mha7bycj.cloudfront.net/product-image/file/large_52f86e5a-a448-4186-b726-2e6f506a5a4a.jpg","__typename":"Image"},"trackingProperties":{"availability_score":0.887,"available_ind":false,"blackout":false,"element_attributes":{"attributes":[],"low_stock_label":false},"element_details":{"element_id":"items_40286-16614371","element_type":"item","item_tags":[],"product_id":"16614371","retailer_id":"1253","retailer_location_id":"40286"},"external_sku_id":null,"item_id":"1438499234","item_name":"Green Onions (Scallions)","itemsview___layouts___itemsresponsebacked___item":"79ec2c59-0f10-4fd2-96b7-44b04dbe4744","low_stock_label":false,"low_stock_variant":"none","on_sale_ind":{"buy_one_get_one":false,"cpg_coupon":false,"on_sale":false,"retailer":false},"product_category_name":"Scallions","product_id":"16614371","restricted_for_targeting_and_sharing":false,"stock_level":"in_stock"},"itemCardRatingVariant":"hidden","itemCardQuickAddVariant":"control","itemCardDiscountBadgeVariant":"hide","itemCardLowStockLevelVariant":"visible","itemCardPricePerUnitVariant":"hide","quantityAttributesVariant":"qtyOnly","hideActionsOnCartItemVariant":"false","itemCardHideQuickAddPriceVariant":"show","itemCardHideSizeVariant":"show","lowStockVariant":"none","boughtXTimesString":null,"requestAddString":null,"servingSizeString":null,"itemString":"Item","retailerReferenceCodeString":null,"retailerLookupCodeString":null,"variantDimensionsString":null,"tastingNotesString":null,"rewardProgramLabelString":null,"nameStringFormatted":{"id":"a4d03851","sections":[{"id":"ff26129f","name":"bodymedium2","content":"Green Onions (Scallions)","__typename":"ViewFormattedStringSection"}],"__typename":"ViewFormattedString"},"taxStringFormatted":null,"fsaHsaEligibleString":null,"itemTransparentImage":null,"__typename":"ItemsResponseBackedItemSection"},"tags":[],"comboPromotions":[],"nutritionalAttributes":null,"__typename":"ItemsItem","price":{"id":"items_40286-16614371","itemId":"items_40286-16614371","debugProperties":{},"viewSection":{"badge":null,"itemCard":{"id":"items_response_backed:987acd4a:item_price:33cf9c13:item_card","fullPriceString":null,"priceAriaLabelString":"$0.78","pricePerUnitString":null,"priceString":"$0.78","pricingUnitSecondaryString":null,"pricingUnitString":"1 bunch","trackingProperties":{"item_card_impression_id":"633b02ac-8147-43b3-acaa-c96b4e51213b"},"discountHeaderString":null,"discountSubHeaderString":"off!","priceSuffixString":"","plainFullPriceString":null,"priceScreenReaderString":"Current price: $0.78","fullPriceScreenReaderString":null,"priceBackgroundVariant":"hide","loyaltyProgramVariant":"hide","pricingUnitConvergenceVariant":"variant","badgeVisibilityVariant":"hide","priceStringFormatted":{"id":"48afe76f","sections":[{"id":"f12dd7d3","name":"small_currency_symbol","content":"$","__typename":"ViewFormattedStringSection"},{"id":"4d3be1c0","name":"dollar","content":"0","__typename":"ViewFormattedStringSection"},{"id":"089dfb35","name":"cents","content":"78","__typename":"ViewFormattedStringSection"}],"__typename":"ViewFormattedString"},"offerLabelStringFormatted":null,"loyaltyPriceStringFormatted":null,"nonLoyaltyPriceStringFormatted":null,"loyaltyPriceStringPositionVariant":"control","secondaryTopStringFormatted":null,"secondaryBottomStringFormatted":null,"smartDiscountFormattedAttributesString":null,"__typename":"ItemsResponseBackedItemPriceItemCardSection"},"itemDetails":{"dealAppliedLabelString":null,"dealAppliedSoFarMessageString":null,"fullPriceString":null,"mixAndMatchItemsTitleString":"Available Mix \u0026 Match items","mixAndMatchItemsVariant":"hide","priceAriaLabelString":"$0.78","priceEstimateVariant":"hide","pricePerUnitString":null,"priceString":"$0.78","pricingUnitSecondaryString":null,"pricingUnitString":"1 bunch","saleDisclaimerString":null,"addLoyaltyCardString":null,"loyaltyProgramVariant":"hide","secondaryTopStringFormatted":null,"secondaryBottomStringFormatted":null,"__typename":"ItemsResponseBackedItemPriceItemDetailsSection"},"sizeSelector":null,"fullPriceString":null,"priceString":"$0.78","priceValueString":"0.78","currencySymbolString":"$","trackingProperties":{"item_tasks":[],"on_sale_ind":{"loyalty":false},"price":"$0.78","price_data_source":"legacy","product_id":"16614371"},"__typename":"ItemsResponseBackedItemPriceSection"},"parWeightTotalEstimate":{"id":"df90aea0","viewSection":{"parWeightString":null,"__typename":"ItemsResponseBackedParWeightTotalEstimateSection"},"__typename":"ItemsParWeightTotalEstimate"},"greatPrice":null,"__typename":"ItemsItemPrice"}},{"id":"items_40286-3259137","itemLoadId":null,"name":"Red Bell Pepper","size":"1 each","productId":"3259137","legacyId":"1438408715","legacyV3Id":"item_1438408715","configurableProductId":null,"brandName":null,"brandId":null,"evergreenUrl":"3259137-red-bell-pepper-each","inStoreItemLocation":null,"retailer":{"isUltrafast":false,"__typename":"RetailersRetailer"},"dietary":{"mlDietaryAttributes":null,"mlShoppingAttributes":[],"viewSection":{"attributesString":null,"attributeSections":[],"attributeBadgeImage":null,"__typename":"ItemsResponseBackedDietarySection"},"__typename":"ItemsDietary"},"itemEbt":null,"itemFreshFunds":null,"itemMedicare":null,"productRating":null,"productCanonicalUrl":null,"quantityAttributesEach":{"increment":1,"initial":1,"max":500,"min":1,"quantityType":"each","selectOptions":[1,2,3,4,5,6,7,8,9],"defaultSelectOption":1,"parWeight":null,"viewSection":{"maxedOutString":"Max 500 per order","minReachedString":null,"unitAriaString":"item","unitPluralAriaString":"items","unitPluralString":"ct","unitString":"ct","iconUnitTypeVisibilityVariant":"hide","variableWeightDisclaimerString":null,"variableWeightDisclaimerLongString":null,"totalWeightEstimateTemplateString":null,"totalWeightEstimateTemplatePluralString":null,"parWeightDisplayString":null,"quantityUnitVisibilityVariant":"show","stepperUnitTypeVisibilityVariant":"hide","__typename":"ItemsResponseBackedQuantityAttributesSection"},"__typename":"ItemsQuantityAttributes"},"quantityAttributesWeight":null,"quantityAttributes":{"increment":1,"initial":1,"max":500,"min":1,"quantityType":"each","selectOptions":[1,2,3,4,5,6,7,8,9],"defaultSelectOption":1,"parWeight":null,"viewSection":{"maxedOutString":"Max 500 per order","minReachedString":null,"unitAriaString":"item","unitPluralAriaString":"items","unitPluralString":"ct","unitString":"ct","iconUnitTypeVisibilityVariant":"hide","variableWeightDisclaimerString":null,"variableWeightDisclaimerLongString":null,"totalWeightEstimateTemplateString":null,"totalWeightEstimateTemplatePluralString":null,"parWeightDisplayString":null,"quantityUnitVisibilityVariant":"show","stepperUnitTypeVisibilityVariant":"hide","__typename":"ItemsResponseBackedQuantityAttributesSection"},"__typename":"ItemsQuantityAttributes"},"availability":{"available":true,"stockLevel":"highlyInStock","blackoutTimes":null,"viewSection":{"stockLevelLabelString":"Many in stock","outOfStockCtaString":null,"similarItemsActionVariant":"none","warningIconImage":{"id":"b7f297fd","url":"https://www.instacart.com/assets/dependability/item_availability/highly_in_stock-18910a57dac5f8e2db073c800e1742558d519cc5d5b20f375efa8a495462471c.png","__typename":"Image"},"__typename":"AvailabilityResponseBackedAvailabilitySection"},"__typename":"ItemsAvailability"},"variantGroup":null,"variantGroupId":null,"variantDimensionValues":[],"viewSection":{"itemImage":{"altText":null,"templateUrl":"https://www.instacart.com/image-server/{width=}x{height=}/filters:fill(FFFFFF,true):format(jpg)/d2lnr5mha7bycj.cloudfront.net/product-image/file/large_91e6ebd6-fb26-4320-bc37-2003de8b54ce.jpg","url":"https://d2lnr5mha7bycj.cloudfront.net/product-image/file/large_91e6ebd6-fb26-4320-bc37-2003de8b54ce.jpg","__typename":"Image"},"trackingProperties":{"availability_score":0.9957,"available_ind":true,"blackout":false,"element_attributes":{"attributes":[],"low_stock_label":false},"element_details":{"element_id":"items_40286-3259137","element_type":"item","item_tags":[],"product_id":"3259137","retailer_id":"1253","retailer_location_id":"40286"},"external_sku_id":null,"item_id":"1438408715","item_name":"Red Bell Pepper","itemsview___layouts___itemsresponsebacked___item":"a3e20254-4f27-435f-9db3-ef8322ca37f1","low_stock_label":false,"low_stock_variant":"none","on_sale_ind":{"buy_one_get_one":false,"cpg_coupon":false,"on_sale":false,"retailer":false},"product_category_name":"Red Bell Peppers","product_id":"3259137","restricted_for_targeting_and_sharing":false,"stock_level":"highly_in_stock"},"itemCardRatingVariant":"hidden","itemCardQuickAddVariant":"control","itemCardDiscountBadgeVariant":"hide","itemCardLowStockLevelVariant":"visible","itemCardPricePerUnitVariant":"hide","quantityAttributesVariant":"qtyOnly","hideActionsOnCartItemVariant":"false","itemCardHideQuickAddPriceVariant":"show","itemCardHideSizeVariant":"show","lowStockVariant":"none","boughtXTimesString":null,"requestAddString":null,"servingSizeString":null,"itemString":"Item","retailerReferenceCodeString":null,"retailerLookupCodeString":null,"variantDimensionsString":null,"tastingNotesString":null,"rewardProgramLabelString":null,"nameStringFormatted":{"id":"2de7b598","sections":[{"id":"3ad6c47a","name":"bodymedium2","content":"Red Bell Pepper","__typename":"ViewFormattedStringSection"}],"__typename":"ViewFormattedString"},"taxStringFormatted":null,"fsaHsaEligibleString":null,"itemTransparentImage":null,"__typename":"ItemsResponseBackedItemSection"},"tags":[],"comboPromotions":[],"nutritionalAttributes":null,"__typename":"ItemsItem","price":{"id":"items_40286-3259137","itemId":"items_40286-3259137","debugProperties":{},"viewSection":{"badge":null,"itemCard":{"id":"items_response_backed:2dba5f9c:item_price:946f81be:item_card","fullPriceString":null,"priceAriaLabelString":"$6.08","pricePerUnitString":null,"priceString":"$6.08","pricingUnitSecondaryString":null,"pricingUnitString":"1 each","trackingProperties":{"item_card_impression_id":"c8429d5d-c838-4da8-b60a-b13854ee7b97"},"discountHeaderString":null,"discountSubHeaderString":"off!","priceSuffixString":"","plainFullPriceString":null,"priceScreenReaderString":"Current price: $6.08","fullPriceScreenReaderString":null,"priceBackgroundVariant":"hide","loyaltyProgramVariant":"hide","pricingUnitConvergenceVariant":"variant","badgeVisibilityVariant":"hide","priceStringFormatted":{"id":"88f01698","sections":[{"id":"d21b7e1f","name":"small_currency_symbol","content":"$","__typename":"ViewFormattedStringSection"},{"id":"28036192","name":"dollar","content":"6","__typename":"ViewFormattedStringSection"},{"id":"a7c66611","name":"cents","content":"08","__typename":"ViewFormattedStringSection"}],"__typename":"ViewFormattedString"},"offerLabelStringFormatted":null,"loyaltyPriceStringFormatted":null,"nonLoyaltyPriceStringFormatted":null,"loyaltyPriceStringPositionVariant":"control","secondaryTopStringFormatted":null,"secondaryBottomStringFormatted":null,"smartDiscountFormattedAttributesString":null,"__typename":"ItemsResponseBackedItemPriceItemCardSection"},"itemDetails":{"dealAppliedLabelString":null,"dealAppliedSoFarMessageString":null,"fullPriceString":null,"mixAndMatchItemsTitleString":"Available Mix \u0026 Match items","mixAndMatchItemsVariant":"hide","priceAriaLabelString":"$6.08","priceEstimateVariant":"hide","pricePerUnitString":null,"priceString":"$6.08","pricingUnitSecondaryString":null,"pricingUnitString":"1 each","saleDisclaimerString":null,"addLoyaltyCardString":null,"loyaltyProgramVariant":"hide","secondaryTopStringFormatted":null,"secondaryBottomStringFormatted":null,"__typename":"ItemsResponseBackedItemPriceItemDetailsSection"},"sizeSelector":null,"fullPriceString":null,"priceString":"$6.08","priceValueString":"6.08","currencySymbolString":"$","trackingProperties":{"item_tasks":[],"on_sale_ind":{"loyalty":false},"price":"$6.08","price_data_source":"legacy","product_id":"3259137"},"__typename":"ItemsResponseBackedItemPriceSection"},"parWeightTotalEstimate":{"id":"22f8dc3b","viewSection":{"parWeightString":null,"__typename":"ItemsResponseBackedParWeightTotalEstimateSection"},"__typename":"ItemsParWeightTotalEstimate"},"greatPrice":null,"__typename":"ItemsItemPrice"}},{"id":"items_40286-3297927","itemLoadId":null,"name":"Yellow Bell Pepper","size":"1 each","productId":"3297927","legacyId":"1438415309","legacyV3Id":"item_1438415309","configurableProductId":null,"brandName":null,"brandId":null,"evergreenUrl":"3297927-yellow-bell-pepper-each","inStoreItemLocation":null,"retailer":{"isUltrafast":false,"__typename":"RetailersRetailer"},"dietary":{"mlDietaryAttributes":null,"mlShoppingAttributes":[],"viewSection":{"attributesString":null,"attributeSections":[],"attributeBadgeImage":null,"__typename":"ItemsResponseBackedDietarySection"},"__typename":"ItemsDietary"},"itemEbt":null,"itemFreshFunds":null,"itemMedicare":null,"productRating":null,"productCanonicalUrl":null,"quantityAttributesEach":{"increment":1,"initial":1,"max":500,"min":1,"quantityType":"each","selectOptions":[1,2,3,4,5,6,7,8,9],"defaultSelectOption":1,"parWeight":null,"viewSection":{"maxedOutString":"Max 500 per order","minReachedString":null,"unitAriaString":"item","unitPluralAriaString":"items","unitPluralString":"ct","unitString":"ct","iconUnitTypeVisibilityVariant":"hide","variableWeightDisclaimerString":null,"variableWeightDisclaimerLongString":null,"totalWeightEstimateTemplateString":null,"totalWeightEstimateTemplatePluralString":null,"parWeightDisplayString":null,"quantityUnitVisibilityVariant":"show","stepperUnitTypeVisibilityVariant":"hide","__typename":"ItemsResponseBackedQuantityAttributesSection"},"__typename":"ItemsQuantityAttributes"},"quantityAttributesWeight":null,"quantityAttributes":{"increment":1,"initial":1,"max":500,"min":1,"quantityType":"each","selectOptions":[1,2,3,4,5,6,7,8,9],"defaultSelectOption":1,"parWeight":null,"viewSection":{"maxedOutString":"Max 500 per order","minReachedString":null,"unitAriaString":"item","unitPluralAriaString":"items","unitPluralString":"ct","unitString":"ct","iconUnitTypeVisibilityVariant":"hide","variableWeightDisclaimerString":null,"variableWeightDisclaimerLongString":null,"totalWeightEstimateTemplateString":null,"totalWeightEstimateTemplatePluralString":null,"parWeightDisplayString":null,"quantityUnitVisibilityVariant":"show","stepperUnitTypeVisibilityVariant":"hide","__typename":"ItemsResponseBackedQuantityAttributesSection"},"__typename":"ItemsQuantityAttributes"},"availability":{"available":true,"stockLevel":"highlyInStock","blackoutTimes":null,"viewSection":{"stockLevelLabelString":"Many in stock","outOfStockCtaString":null,"similarItemsActionVariant":"none","warningIconImage":{"id":"07bee53b","url":"https://www.instacart.com/assets/dependability/item_availability/highly_in_stock-18910a57dac5f8e2db073c800e1742558d519cc5d5b20f375efa8a495462471c.png","__typename":"Image"},"__typename":"AvailabilityResponseBackedAvailabilitySection"},"__typename":"ItemsAvailability"},"variantGroup":null,"variantGroupId":null,"variantDimensionValues":[],"viewSection":{"itemImage":{"altText":null,"templateUrl":"https://www.instacart.com/image-server/{width=}x{height=}/filters:fill(FFFFFF,true):format(jpg)/d2lnr5mha7bycj.cloudfront.net/product-image/file/large_4fdf8171-7dae-458a-a500-ae2969af48fd.jpg","url":"https://d2lnr5mha7bycj.cloudfront.net/product-image/file/large_4fdf8171-7dae-458a-a500-ae2969af48fd.jpg","__typename":"Image"},"trackingProperties":{"availability_score":0.9517,"available_ind":true,"blackout":false,"element_attributes":{"attributes":[],"low_stock_label":false},"element_details":{"element_id":"items_40286-3297927","element_type":"item","item_tags":[],"product_id":"3297927","retailer_id":"1253","retailer_location_id":"40286"},"external_sku_id":null,"item_id":"1438415309","item_name":"Yellow Bell Pepper","itemsview___layouts___itemsresponsebacked___item":"f677c0e3-0337-4ceb-8c81-e0b435148dc0","low_stock_label":false,"low_stock_variant":"none","on_sale_ind":{"buy_one_get_one":false,"cpg_coupon":false,"on_sale":false,"retailer":false},"product_category_name":"Yellow Bell Peppers","product_id":"3297927","restricted_for_targeting_and_sharing":false,"stock_level":"highly_in_stock"},"itemCardRatingVariant":"hidden","itemCardQuickAddVariant":"control","itemCardDiscountBadgeVariant":"hide","itemCardLowStockLevelVariant":"visible","itemCardPricePerUnitVariant":"hide","quantityAttributesVariant":"qtyOnly","hideActionsOnCartItemVariant":"false","itemCardHideQuickAddPriceVariant":"show","itemCardHideSizeVariant":"show","lowStockVariant":"none","boughtXTimesString":null,"requestAddString":null,"servingSizeString":null,"itemString":"Item","retailerReferenceCodeString":null,"retailerLookupCodeString":null,"variantDimensionsString":null,"tastingNotesString":null,"rewardProgramLabelString":null,"nameStringFormatted":{"id":"95cf8d26","sections":[{"id":"ceb1d190","name":"bodymedium2","content":"Yellow Bell Pepper","__typename":"ViewFormattedStringSection"}],"__typename":"ViewFormattedString"},"taxStringFormatted":null,"fsaHsaEligibleString":null,"itemTransparentImage":null,"__typename":"ItemsResponseBackedItemSection"},"tags":[],"comboPromotions":[],"nutritionalAttributes":null,"__typename":"ItemsItem","price":{"id":"items_40286-3297927","itemId":"items_40286-3297927","debugProperties":{},"viewSection":{"badge":null,"itemCard":{"id":"items_response_backed:b501ba0a:item_price:4d864619:item_card","fullPriceString":null,"priceAriaLabelString":"$0.84","pricePerUnitString":null,"priceString":"$0.84","pricingUnitSecondaryString":null,"pricingUnitString":"1 each","trackingProperties":{"item_card_impression_id":"1a9a8fc7-3f7c-42fe-9cee-7a98f84e6171"},"discountHeaderString":null,"discountSubHeaderString":"off!","priceSuffixString":"","plainFullPriceString":null,"priceScreenReaderString":"Current price: $0.84","fullPriceScreenReaderString":null,"priceBackgroundVariant":"hide","loyaltyProgramVariant":"hide","pricingUnitConvergenceVariant":"variant","badgeVisibilityVariant":"hide","priceStringFormatted":{"id":"9bf73ae6","sections":[{"id":"4d5ebd26","name":"small_currency_symbol","content":"$","__typename":"ViewFormattedStringSection"},{"id":"10829999","name":"dollar","content":"0","__typename":"ViewFormattedStringSection"},{"id":"7470482e","name":"cents","content":"84","__typename":"ViewFormattedStringSection"}],"__typename":"ViewFormattedString"},"offerLabelStringFormatted":null,"loyaltyPriceStringFormatted":null,"nonLoyaltyPriceStringFormatted":null,"loyaltyPriceStringPositionVariant":"control","secondaryTopStringFormatted":null,"secondaryBottomStringFormatted":null,"smartDiscountFormattedAttributesString":null,"__typename":"ItemsResponseBackedItemPriceItemCardSection"},"itemDetails":{"dealAppliedLabelString":null,"dealAppliedSoFarMessageString":null,"fullPriceString":null,"mixAndMatchItemsTitleString":"Available Mix \u0026 Match items","mixAndMatchItemsVariant":"hide","priceAriaLabelString":"$0.84","priceEstimateVariant":"hide","pricePerUnitString":null,"priceString":"$0.84","pricingUnitSecondaryString":null,"pricingUnitString":"1 each","saleDisclaimerString":null,"addLoyaltyCardString":null,"loyaltyProgramVariant":"hide","secondaryTopStringFormatted":null,"secondaryBottomStringFormatted":null,"__typename":"ItemsResponseBackedItemPriceItemDetailsSection"},"sizeSelector":null,"fullPriceString":null,"priceString":"$0.84","priceValueString":"0.84","currencySymbolString":"$","trackingProperties":{"item_tasks":[],"on_sale_ind":{"loyalty":false},"price":"$0.84","price_data_source":"legacy","product_id":"3297927"},"__typename":"ItemsResponseBackedItemPriceSection"},"parWeightTotalEstimate":{"id":"31f6e998","viewSection":{"parWeightString":null,"__typename":"ItemsResponseBackedParWeightTotalEstimateSection"},"__typename":"ItemsParWeightTotalEstimate"},"greatPrice":null,"__typename":"ItemsItemPrice"}}]}}]]></response>
    <comment></comment>
  </item>
  <item>
    <time>Fri Sep 05 13:46:24 CDT 2025</time>
    <url><![CDATA[https://lamichoacanameatmarket.instacart.com/graphql?operationName=Items&variables=%7B%22ids%22%3A%5B%22items_40286-17978865%22%2C%22items_40286-20515927%22%2C%22items_40286-21091364%22%2C%22items_40286-19796494%22%2C%22items_40286-19817534%22%2C%22items_40286-21186404%22%2C%22items_40286-21176825%22%2C%22items_40286-19841671%22%2C%22items_40286-20404370%22%2C%22items_40286-20397059%22%5D%2C%22shopId%22%3A%2253963%22%2C%22zoneId%22%3A%2293%22%2C%22postalCode%22%3A%2277084%22%7D&extensions=%7B%22persistedQuery%22%3A%7B%22version%22%3A1%2C%22sha256Hash%22%3A%226474c319c75c5357b0a4f646e1d3a01dd805c5fd917d7a90906ecb84a1bad8b1%22%7D%7D]]></url>
    <host ip="104.18.41.34">lamichoacanameatmarket.instacart.com</host>
    <port>443</port>
    <protocol>https</protocol>
    <method><![CDATA[GET]]></method>
    <path><![CDATA[/graphql?operationName=Items&variables=%7B%22ids%22%3A%5B%22items_40286-17978865%22%2C%22items_40286-20515927%22%2C%22items_40286-21091364%22%2C%22items_40286-19796494%22%2C%22items_40286-19817534%22%2C%22items_40286-21186404%22%2C%22items_40286-21176825%22%2C%22items_40286-19841671%22%2C%22items_40286-20404370%22%2C%22items_40286-20397059%22%5D%2C%22shopId%22%3A%2253963%22%2C%22zoneId%22%3A%2293%22%2C%22postalCode%22%3A%2277084%22%7D&extensions=%7B%22persistedQuery%22%3A%7B%22version%22%3A1%2C%22sha256Hash%22%3A%226474c319c75c5357b0a4f646e1d3a01dd805c5fd917d7a90906ecb84a1bad8b1%22%7D%7D]]></path>
    <extension>null</extension>
    <request base64="false"><![CDATA[GET /graphql?operationName=Items&variables=%7B%22ids%22%3A%5B%22items_40286-17978865%22%2C%22items_40286-20515927%22%2C%22items_40286-21091364%22%2C%22items_40286-19796494%22%2C%22items_40286-19817534%22%2C%22items_40286-21186404%22%2C%22items_40286-21176825%22%2C%22items_40286-19841671%22%2C%22items_40286-20404370%22%2C%22items_40286-20397059%22%5D%2C%22shopId%22%3A%2253963%22%2C%22zoneId%22%3A%2293%22%2C%22postalCode%22%3A%2277084%22%7D&extensions=%7B%22persistedQuery%22%3A%7B%22version%22%3A1%2C%22sha256Hash%22%3A%226474c319c75c5357b0a4f646e1d3a01dd805c5fd917d7a90906ecb84a1bad8b1%22%7D%7D HTTP/2
Host: lamichoacanameatmarket.instacart.com
Cookie: ajs_anonymous_id=ea2155a8-97ff-4b0e-b45e-39cf0739f40e; fpc_bpm=6c408fe3-8b36-4eb3-845158ee784ea186; _gcl_au=1.1.2092369738.1757096439; _scid=fThUJkdGap-1v9ZjbqZqSXFNEKdvn5uL; _sctr=1%7C1757048400000; _ga_VL5WVTXMWP=GS2.1.s1757097305$o1$g1$t1757097519$j13$l0$h0; _ga=GA1.1.206219771.1757097305; _ga_TS6NTR6J66=GS2.1.s1757097305$o1$g0$t1757097308$j57$l0$h0; shoppers_instacart_session=ZjJBblo0ODN4cW9WTDRhYmZ1MTFiNUtKeiswKy9Pa1VITGFHUXJMK2ROemk0RDJtUUJTcUtJQi9kZzYrK3NVWms1VHpqaXNYSXJacHp0c3BSaWZ5S0FqMVZrdnVwTU9QbEVyNkYxTDJyazhtQWZ6cmdYSU1odkZORG1PZGI4eUoxZHpvL3dFRyttOUxjS0tMSlRsaER3PT0tLU9pRSs5RWJKRWovYTlUSkJIajcwWWc9PQ%3D%3D--a284366cb4b21bf28cb51803cf47037da3a143fd; _ga_7JY7T788PK=GS2.1.s1757097523$o1$g1$t1757097603$j60$l0$h0; ahoy_visit=c99e7a2d-9d40-49cb-b4e2-6e639fe6cc2e; ahoy_visitor=4bf6fbc6-dd1e-46fb-80b3-348b38a425ad; __cf_bm=kITVkaBd39DAgq3Fr0jswHrvswXPz0F1mwgCjJucYyU-1757097636-1.0.1.1-0wLLpGm.7Lc755LxYKGa8XHRxrFB1FlrtrhfoXb_3eQEw_PxcU4PpSHh6cSD1y3e1ERxSARRs_hcYeAu1SOpGK3yvDbO1ov49PUj8nwwciA; build_sha=c27e69482ce558c6064666550c97cc2e857c996e; accessibleColorsEnabled=false; forterToken=f7fe3fe0a0154968b2655c5e926e2edf_1757097973894__UDF43-m4_24ck_; _scid_r=jLhUJkdGap-1v9ZjbqZqSXFNEKdvn5uLKZ53jg; _uetsid=06cf2b608a8511f087a3e9c9c9f94d50; _uetvid=06cf13508a8511f0b6648300830ef8b5; __Host-instacart_sid=v2.3fafb1b29cb3d0.9DmSwvi6sF0lcqedks9OtrwE9nBpcA-xpzM16fy8sOM; known_visitor=%7Cadelheidsalmon%40somoj.com%7Cemail_code; X-IC-bcx=1; aws-waf-token=a338d369-ef0a-49cc-a2f4-d8fb10e9df1c:EQoAjv+CilH2AAAA:JjgTyKY3qmSddHHXgyvPXPUL7h6DqNdVGaqcquM9VjzAGjo8RE8q0DpqX+RPVQkVhbW9huD/OhCr6SgrU1hLK5zInhA1q0dRdg5Fp4/JQaA+yYxiA3V3uuzb+8IHTgAn0Fi6zgCs3XVc/YJ/V8Ssn6xlu2XeM+Mrs+NGEW82a8pC+qrCCnMltd25xyCq0ino30wJ3w15Fbmy659bKhnnPMeZSQfw; _dd_s=logs=0&expire=1757098874705; ajs_user_id=17926101273457616
User-Agent: Mozilla/5.0 (X11; Linux x86_64; rv:128.0) Gecko/20100101 Firefox/128.0
Accept: */*
Accept-Language: en-US,en;q=0.5
Accept-Encoding: gzip, deflate, br
Referer: https://lamichoacanameatmarket.instacart.com/store/la-michoacana-meat-market/storefront
Content-Type: application/json
X-Client-Identifier: web
X-Page-View-Id: b312d70a-ee4e-5434-b023-b90f4d4f4d2c
X-Ic-View-Layer: true
Sec-Fetch-Dest: empty
Sec-Fetch-Mode: cors
Sec-Fetch-Site: same-origin
Priority: u=4
Te: trailers

]]></request>
    <status>200</status>
    <responselength>84199</responselength>
    <mimetype>JSON</mimetype>
    <response base64="false"><![CDATA[HTTP/2 200 OK
Date: Fri, 05 Sep 2025 18:46:24 GMT
Content-Type: application/json
Cache-Control: no-store
Ic-Request-Id: 1b28752d-decf-4ecc-ad64-686baa666796
Server-Timing: runtime;desc="Application Runtime";dur=196, requestId;desc="1b28752d-decf-4ecc-ad64-686baa666796";dur=0
X-Request-Id: 1b28752d-decf-4ecc-ad64-686baa666796
Strict-Transport-Security: max-age=31536000; includeSubDomains; preload
Vary: accept-encoding
Cf-Cache-Status: DYNAMIC
X-Content-Type-Options: nosniff
Server: cloudflare
Cf-Ray: 97a7e3a1e9cc5bce-TUN
Alt-Svc: h3=":443"; ma=86400

{"data":{"items":[{"id":"items_40286-17978865","itemLoadId":null,"name":"Yoplait Smoothie, Strawberry, Mini","size":"3 oz","productId":"17978865","legacyId":"1583523191","legacyV3Id":"item_1583523191","configurableProductId":null,"brandName":"yoplait","brandId":"3402","evergreenUrl":"17978865-yoplait-strawberry-mini-smoothie-18-oz","inStoreItemLocation":null,"retailer":{"isUltrafast":false,"__typename":"RetailersRetailer"},"dietary":{"mlDietaryAttributes":null,"mlShoppingAttributes":["pescatarian"],"viewSection":{"attributesString":null,"attributeSections":[],"attributeBadgeImage":null,"__typename":"ItemsResponseBackedDietarySection"},"__typename":"ItemsDietary"},"itemEbt":null,"itemFreshFunds":null,"itemMedicare":null,"productRating":null,"productCanonicalUrl":null,"quantityAttributesEach":{"increment":1,"initial":1,"max":500,"min":1,"quantityType":"each","selectOptions":[1,2,3,4,5,6,7,8,9],"defaultSelectOption":1,"parWeight":null,"viewSection":{"maxedOutString":"Max 500 per order","minReachedString":null,"unitAriaString":"item","unitPluralAriaString":"items","unitPluralString":"ct","unitString":"ct","iconUnitTypeVisibilityVariant":"hide","variableWeightDisclaimerString":null,"variableWeightDisclaimerLongString":null,"totalWeightEstimateTemplateString":null,"totalWeightEstimateTemplatePluralString":null,"parWeightDisplayString":null,"quantityUnitVisibilityVariant":"show","stepperUnitTypeVisibilityVariant":"hide","__typename":"ItemsResponseBackedQuantityAttributesSection"},"__typename":"ItemsQuantityAttributes"},"quantityAttributesWeight":null,"quantityAttributes":{"increment":1,"initial":1,"max":500,"min":1,"quantityType":"each","selectOptions":[1,2,3,4,5,6,7,8,9],"defaultSelectOption":1,"parWeight":null,"viewSection":{"maxedOutString":"Max 500 per order","minReachedString":null,"unitAriaString":"item","unitPluralAriaString":"items","unitPluralString":"ct","unitString":"ct","iconUnitTypeVisibilityVariant":"hide","variableWeightDisclaimerString":null,"variableWeightDisclaimerLongString":null,"totalWeightEstimateTemplateString":null,"totalWeightEstimateTemplatePluralString":null,"parWeightDisplayString":null,"quantityUnitVisibilityVariant":"show","stepperUnitTypeVisibilityVariant":"hide","__typename":"ItemsResponseBackedQuantityAttributesSection"},"__typename":"ItemsQuantityAttributes"},"availability":{"available":true,"stockLevel":"inStock","blackoutTimes":null,"viewSection":{"stockLevelLabelString":"In stock","outOfStockCtaString":null,"similarItemsActionVariant":"none","warningIconImage":null,"__typename":"AvailabilityResponseBackedAvailabilitySection"},"__typename":"ItemsAvailability"},"variantGroup":null,"variantGroupId":null,"variantDimensionValues":[],"viewSection":{"itemImage":{"altText":null,"templateUrl":"https://www.instacart.com/image-server/{width=}x{height=}/filters:fill(FFFFFF,true):format(jpg)/d2lnr5mha7bycj.cloudfront.net/product-image/file/large_3e7220e2-6664-4bb9-99c9-4adbeacded74.png","url":"https://d2lnr5mha7bycj.cloudfront.net/product-image/file/large_3e7220e2-6664-4bb9-99c9-4adbeacded74.png","__typename":"Image"},"trackingProperties":{"availability_score":0.8247,"available_ind":true,"blackout":false,"element_attributes":{"attributes":[],"low_stock_label":false},"element_details":{"element_id":"items_40286-17978865","element_type":"item","item_tags":[],"product_id":"17978865","retailer_id":"1253","retailer_location_id":"40286"},"external_sku_id":null,"item_id":"1583523191","item_name":"Yoplait Smoothie, Strawberry, Mini","itemsview___layouts___itemsresponsebacked___item":"423c11ed-64c6-4c40-94de-826c08d84f8a","low_stock_label":false,"low_stock_variant":"none","on_sale_ind":{"buy_one_get_one":false,"cpg_coupon":false,"on_sale":false,"retailer":false},"product_category_name":"Yogurt Drinks","product_id":"17978865","restricted_for_targeting_and_sharing":false,"stock_level":"in_stock"},"itemCardRatingVariant":"hidden","itemCardQuickAddVariant":"control","itemCardDiscountBadgeVariant":"hide","itemCardLowStockLevelVariant":"visible","itemCardPricePerUnitVariant":"hide","quantityAttributesVariant":"eachAndWeight","hideActionsOnCartItemVariant":"true","itemCardHideQuickAddPriceVariant":"show","itemCardHideSizeVariant":"show","lowStockVariant":"none","boughtXTimesString":null,"requestAddString":null,"servingSizeString":null,"itemString":"Item","retailerReferenceCodeString":null,"retailerLookupCodeString":null,"variantDimensionsString":null,"tastingNotesString":null,"rewardProgramLabelString":null,"nameStringFormatted":{"id":"cc8dc71e","sections":[{"id":"a1506c43","name":"bodymedium2","content":"Yoplait Smoothie, Strawberry, Mini","__typename":"ViewFormattedStringSection"}],"__typename":"ViewFormattedString"},"taxStringFormatted":null,"fsaHsaEligibleString":null,"itemTransparentImage":null,"__typename":"ItemsResponseBackedItemSection"},"tags":[],"comboPromotions":[],"nutritionalAttributes":[{"viewSection":{"shortLabelString":"Pro","unitString":"g","valueString":"2","__typename":"ItemsResponseBackedNutritionAttributeSection"},"__typename":"ItemsNutritionAttribute"},{"viewSection":{"shortLabelString":"Fat","unitString":"g","valueString":"1.5","__typename":"ItemsResponseBackedNutritionAttributeSection"},"__typename":"ItemsNutritionAttribute"},{"viewSection":{"shortLabelString":"Sug","unitString":"g","valueString":"8","__typename":"ItemsResponseBackedNutritionAttributeSection"},"__typename":"ItemsNutritionAttribute"},{"viewSection":{"shortLabelString":"Cal","unitString":"","valueString":"60","__typename":"ItemsResponseBackedNutritionAttributeSection"},"__typename":"ItemsNutritionAttribute"}],"__typename":"ItemsItem","price":{"id":"items_40286-17978865","itemId":"items_40286-17978865","debugProperties":{},"viewSection":{"badge":null,"itemCard":{"id":"items_response_backed:390c42be:item_price:9573fd17:item_card","fullPriceString":null,"priceAriaLabelString":"$3.64","pricePerUnitString":null,"priceString":"$3.64","pricingUnitSecondaryString":null,"pricingUnitString":null,"trackingProperties":{"item_card_impression_id":"0b3ebf77-3cc8-4ac3-ad45-9054f2d8110c"},"discountHeaderString":null,"discountSubHeaderString":"off!","priceSuffixString":"","plainFullPriceString":null,"priceScreenReaderString":"Current price: $3.64","fullPriceScreenReaderString":null,"priceBackgroundVariant":"hide","loyaltyProgramVariant":"hide","pricingUnitConvergenceVariant":"variant","badgeVisibilityVariant":"hide","priceStringFormatted":{"id":"016ab62d","sections":[{"id":"be0f0fe9","name":"small_currency_symbol","content":"$","__typename":"ViewFormattedStringSection"},{"id":"da84e210","name":"dollar","content":"3","__typename":"ViewFormattedStringSection"},{"id":"16e48a1a","name":"cents","content":"64","__typename":"ViewFormattedStringSection"}],"__typename":"ViewFormattedString"},"offerLabelStringFormatted":null,"loyaltyPriceStringFormatted":null,"nonLoyaltyPriceStringFormatted":null,"loyaltyPriceStringPositionVariant":"control","secondaryTopStringFormatted":null,"secondaryBottomStringFormatted":null,"smartDiscountFormattedAttributesString":null,"__typename":"ItemsResponseBackedItemPriceItemCardSection"},"itemDetails":{"dealAppliedLabelString":null,"dealAppliedSoFarMessageString":null,"fullPriceString":null,"mixAndMatchItemsTitleString":"Available Mix \u0026 Match items","mixAndMatchItemsVariant":"hide","priceAriaLabelString":"$3.64","priceEstimateVariant":"hide","pricePerUnitString":"$0.20/oz","priceString":"$3.64","pricingUnitSecondaryString":null,"pricingUnitString":null,"saleDisclaimerString":null,"addLoyaltyCardString":null,"loyaltyProgramVariant":"hide","secondaryTopStringFormatted":null,"secondaryBottomStringFormatted":null,"__typename":"ItemsResponseBackedItemPriceItemDetailsSection"},"sizeSelector":null,"fullPriceString":null,"priceString":"$3.64","priceValueString":"3.64","currencySymbolString":"$","trackingProperties":{"item_tasks":[],"on_sale_ind":{"loyalty":false},"price":"$3.64","price_data_source":"legacy","product_id":"17978865"},"__typename":"ItemsResponseBackedItemPriceSection"},"parWeightTotalEstimate":{"id":"731ca095","viewSection":{"parWeightString":null,"__typename":"ItemsResponseBackedParWeightTotalEstimateSection"},"__typename":"ItemsParWeightTotalEstimate"},"greatPrice":null,"__typename":"ItemsItemPrice"}},{"id":"items_40286-20515927","itemLoadId":null,"name":"Yoplait Pecan \u0026 Nut Smoothie","size":"28 fl oz","productId":"20515927","legacyId":"1583519611","legacyV3Id":"item_1583519611","configurableProductId":null,"brandName":"yoplait","brandId":"3402","evergreenUrl":"20515927-yoplait-licuado-pecan-nut-grain-smoothie-7-fl-oz","inStoreItemLocation":null,"retailer":{"isUltrafast":false,"__typename":"RetailersRetailer"},"dietary":{"mlDietaryAttributes":null,"mlShoppingAttributes":["pescatarian"],"viewSection":{"attributesString":null,"attributeSections":[],"attributeBadgeImage":null,"__typename":"ItemsResponseBackedDietarySection"},"__typename":"ItemsDietary"},"itemEbt":null,"itemFreshFunds":null,"itemMedicare":null,"productRating":null,"productCanonicalUrl":null,"quantityAttributesEach":{"increment":1,"initial":1,"max":500,"min":1,"quantityType":"each","selectOptions":[1,2,3,4,5,6,7,8,9],"defaultSelectOption":1,"parWeight":null,"viewSection":{"maxedOutString":"Max 500 per order","minReachedString":null,"unitAriaString":"item","unitPluralAriaString":"items","unitPluralString":"ct","unitString":"ct","iconUnitTypeVisibilityVariant":"hide","variableWeightDisclaimerString":null,"variableWeightDisclaimerLongString":null,"totalWeightEstimateTemplateString":null,"totalWeightEstimateTemplatePluralString":null,"parWeightDisplayString":null,"quantityUnitVisibilityVariant":"show","stepperUnitTypeVisibilityVariant":"hide","__typename":"ItemsResponseBackedQuantityAttributesSection"},"__typename":"ItemsQuantityAttributes"},"quantityAttributesWeight":null,"quantityAttributes":{"increment":1,"initial":1,"max":500,"min":1,"quantityType":"each","selectOptions":[1,2,3,4,5,6,7,8,9],"defaultSelectOption":1,"parWeight":null,"viewSection":{"maxedOutString":"Max 500 per order","minReachedString":null,"unitAriaString":"item","unitPluralAriaString":"items","unitPluralString":"ct","unitString":"ct","iconUnitTypeVisibilityVariant":"hide","variableWeightDisclaimerString":null,"variableWeightDisclaimerLongString":null,"totalWeightEstimateTemplateString":null,"totalWeightEstimateTemplatePluralString":null,"parWeightDisplayString":null,"quantityUnitVisibilityVariant":"show","stepperUnitTypeVisibilityVariant":"hide","__typename":"ItemsResponseBackedQuantityAttributesSection"},"__typename":"ItemsQuantityAttributes"},"availability":{"available":true,"stockLevel":"inStock","blackoutTimes":null,"viewSection":{"stockLevelLabelString":"In stock","outOfStockCtaString":null,"similarItemsActionVariant":"none","warningIconImage":null,"__typename":"AvailabilityResponseBackedAvailabilitySection"},"__typename":"ItemsAvailability"},"variantGroup":null,"variantGroupId":null,"variantDimensionValues":[],"viewSection":{"itemImage":{"altText":null,"templateUrl":"https://www.instacart.com/image-server/{width=}x{height=}/filters:fill(FFFFFF,true):format(jpg)/d2lnr5mha7bycj.cloudfront.net/product-image/file/large_c5d7f369-6cef-400f-9c16-439916c294c7.png","url":"https://d2lnr5mha7bycj.cloudfront.net/product-image/file/large_c5d7f369-6cef-400f-9c16-439916c294c7.png","__typename":"Image"},"trackingProperties":{"availability_score":0.717,"available_ind":true,"blackout":false,"element_attributes":{"attributes":[],"low_stock_label":false},"element_details":{"element_id":"items_40286-20515927","element_type":"item","item_tags":[],"product_id":"20515927","retailer_id":"1253","retailer_location_id":"40286"},"external_sku_id":null,"item_id":"1583519611","item_name":"Yoplait Pecan \u0026 Nut Smoothie","itemsview___layouts___itemsresponsebacked___item":"71d09b84-17e4-499a-a819-b6458b60fba6","low_stock_label":false,"low_stock_variant":"none","on_sale_ind":{"buy_one_get_one":false,"cpg_coupon":false,"on_sale":false,"retailer":false},"product_category_name":"Yogurt Drinks","product_id":"20515927","restricted_for_targeting_and_sharing":false,"stock_level":"in_stock"},"itemCardRatingVariant":"hidden","itemCardQuickAddVariant":"control","itemCardDiscountBadgeVariant":"hide","itemCardLowStockLevelVariant":"visible","itemCardPricePerUnitVariant":"hide","quantityAttributesVariant":"eachAndWeight","hideActionsOnCartItemVariant":"true","itemCardHideQuickAddPriceVariant":"show","itemCardHideSizeVariant":"show","lowStockVariant":"none","boughtXTimesString":null,"requestAddString":null,"servingSizeString":null,"itemString":"Item","retailerReferenceCodeString":null,"retailerLookupCodeString":null,"variantDimensionsString":null,"tastingNotesString":null,"rewardProgramLabelString":null,"nameStringFormatted":{"id":"e709c25a","sections":[{"id":"21c8e3e1","name":"bodymedium2","content":"Yoplait Pecan \u0026 Nut Smoothie","__typename":"ViewFormattedStringSection"}],"__typename":"ViewFormattedString"},"taxStringFormatted":null,"fsaHsaEligibleString":null,"itemTransparentImage":null,"__typename":"ItemsResponseBackedItemSection"},"tags":[],"comboPromotions":[],"nutritionalAttributes":[{"viewSection":{"shortLabelString":"Pro","unitString":"g","valueString":"5","__typename":"ItemsResponseBackedNutritionAttributeSection"},"__typename":"ItemsNutritionAttribute"},{"viewSection":{"shortLabelString":"Fat","unitString":"g","valueString":"3.5","__typename":"ItemsResponseBackedNutritionAttributeSection"},"__typename":"ItemsNutritionAttribute"},{"viewSection":{"shortLabelString":"Sug","unitString":"g","valueString":"21","__typename":"ItemsResponseBackedNutritionAttributeSection"},"__typename":"ItemsNutritionAttribute"},{"viewSection":{"shortLabelString":"Cal","unitString":"","valueString":"140","__typename":"ItemsResponseBackedNutritionAttributeSection"},"__typename":"ItemsNutritionAttribute"}],"__typename":"ItemsItem","price":{"id":"items_40286-20515927","itemId":"items_40286-20515927","debugProperties":{},"viewSection":{"badge":null,"itemCard":{"id":"items_response_backed:2b2844d2:item_price:c0d40b4b:item_card","fullPriceString":null,"priceAriaLabelString":"$4.85","pricePerUnitString":null,"priceString":"$4.85","pricingUnitSecondaryString":null,"pricingUnitString":"28 fl oz","trackingProperties":{"item_card_impression_id":"4f5792ef-a601-4ed4-98b3-95300ad5c208"},"discountHeaderString":null,"discountSubHeaderString":"off!","priceSuffixString":"","plainFullPriceString":null,"priceScreenReaderString":"Current price: $4.85","fullPriceScreenReaderString":null,"priceBackgroundVariant":"hide","loyaltyProgramVariant":"hide","pricingUnitConvergenceVariant":"variant","badgeVisibilityVariant":"hide","priceStringFormatted":{"id":"1b044ed1","sections":[{"id":"a14d1b69","name":"small_currency_symbol","content":"$","__typename":"ViewFormattedStringSection"},{"id":"d8f4dfd3","name":"dollar","content":"4","__typename":"ViewFormattedStringSection"},{"id":"475ec149","name":"cents","content":"85","__typename":"ViewFormattedStringSection"}],"__typename":"ViewFormattedString"},"offerLabelStringFormatted":null,"loyaltyPriceStringFormatted":null,"nonLoyaltyPriceStringFormatted":null,"loyaltyPriceStringPositionVariant":"control","secondaryTopStringFormatted":null,"secondaryBottomStringFormatted":null,"smartDiscountFormattedAttributesString":null,"__typename":"ItemsResponseBackedItemPriceItemCardSection"},"itemDetails":{"dealAppliedLabelString":null,"dealAppliedSoFarMessageString":null,"fullPriceString":null,"mixAndMatchItemsTitleString":"Available Mix \u0026 Match items","mixAndMatchItemsVariant":"hide","priceAriaLabelString":"$4.85","priceEstimateVariant":"hide","pricePerUnitString":"$0.17/fl oz","priceString":"$4.85","pricingUnitSecondaryString":null,"pricingUnitString":"28 fl oz","saleDisclaimerString":null,"addLoyaltyCardString":null,"loyaltyProgramVariant":"hide","secondaryTopStringFormatted":null,"secondaryBottomStringFormatted":null,"__typename":"ItemsResponseBackedItemPriceItemDetailsSection"},"sizeSelector":null,"fullPriceString":null,"priceString":"$4.85","priceValueString":"4.85","currencySymbolString":"$","trackingProperties":{"item_tasks":[],"on_sale_ind":{"loyalty":false},"price":"$4.85","price_data_source":"legacy","product_id":"20515927"},"__typename":"ItemsResponseBackedItemPriceSection"},"parWeightTotalEstimate":{"id":"0332da12","viewSection":{"parWeightString":null,"__typename":"ItemsResponseBackedParWeightTotalEstimateSection"},"__typename":"ItemsParWeightTotalEstimate"},"greatPrice":null,"__typename":"ItemsItemPrice"}},{"id":"items_40286-21091364","itemLoadId":null,"name":"LALA Strawberry Flavored Lowfat Yogurt","size":"6 oz","productId":"21091364","legacyId":"1583513701","legacyV3Id":"item_1583513701","configurableProductId":null,"brandName":"lala","brandId":"153182","evergreenUrl":"21091364-lala-strawberry-flavored-lowfat-yogurt-32-oz","inStoreItemLocation":null,"retailer":{"isUltrafast":false,"__typename":"RetailersRetailer"},"dietary":{"mlDietaryAttributes":null,"mlShoppingAttributes":["low_fat"],"viewSection":{"attributesString":null,"attributeSections":[{"id":"items_response_backed:6b0e1120:dietary:a5210c35:attribute_section:3e55bc1c","attributeString":"Low fat","iconVariant":null,"itemCardVisibilityVariant":"show","itemDetailsVisibilityVariant":"show","colorHexString":null,"iconImage":null,"trackingProperties":{"badge_display_value":"Low fat","badge_id":"970","badge_type":"dietary"},"__typename":"ItemsResponseBackedAttributeSectionSection"}],"attributeBadgeImage":null,"__typename":"ItemsResponseBackedDietarySection"},"__typename":"ItemsDietary"},"itemEbt":null,"itemFreshFunds":null,"itemMedicare":null,"productRating":null,"productCanonicalUrl":null,"quantityAttributesEach":{"increment":1,"initial":1,"max":500,"min":1,"quantityType":"each","selectOptions":[1,2,3,4,5,6,7,8,9],"defaultSelectOption":1,"parWeight":null,"viewSection":{"maxedOutString":"Max 500 per order","minReachedString":null,"unitAriaString":"item","unitPluralAriaString":"items","unitPluralString":"ct","unitString":"ct","iconUnitTypeVisibilityVariant":"hide","variableWeightDisclaimerString":null,"variableWeightDisclaimerLongString":null,"totalWeightEstimateTemplateString":null,"totalWeightEstimateTemplatePluralString":null,"parWeightDisplayString":null,"quantityUnitVisibilityVariant":"show","stepperUnitTypeVisibilityVariant":"hide","__typename":"ItemsResponseBackedQuantityAttributesSection"},"__typename":"ItemsQuantityAttributes"},"quantityAttributesWeight":null,"quantityAttributes":{"increment":1,"initial":1,"max":500,"min":1,"quantityType":"each","selectOptions":[1,2,3,4,5,6,7,8,9],"defaultSelectOption":1,"parWeight":null,"viewSection":{"maxedOutString":"Max 500 per order","minReachedString":null,"unitAriaString":"item","unitPluralAriaString":"items","unitPluralString":"ct","unitString":"ct","iconUnitTypeVisibilityVariant":"hide","variableWeightDisclaimerString":null,"variableWeightDisclaimerLongString":null,"totalWeightEstimateTemplateString":null,"totalWeightEstimateTemplatePluralString":null,"parWeightDisplayString":null,"quantityUnitVisibilityVariant":"show","stepperUnitTypeVisibilityVariant":"hide","__typename":"ItemsResponseBackedQuantityAttributesSection"},"__typename":"ItemsQuantityAttributes"},"availability":{"available":true,"stockLevel":"inStock","blackoutTimes":null,"viewSection":{"stockLevelLabelString":"In stock","outOfStockCtaString":null,"similarItemsActionVariant":"none","warningIconImage":null,"__typename":"AvailabilityResponseBackedAvailabilitySection"},"__typename":"ItemsAvailability"},"variantGroup":null,"variantGroupId":null,"variantDimensionValues":[],"viewSection":{"itemImage":{"altText":null,"templateUrl":"https://www.instacart.com/image-server/{width=}x{height=}/filters:fill(FFFFFF,true):format(jpg)/d2lnr5mha7bycj.cloudfront.net/product-image/file/large_34a7bf96-9ccc-4c05-9599-351935398f58.jpg","url":"https://d2lnr5mha7bycj.cloudfront.net/product-image/file/large_34a7bf96-9ccc-4c05-9599-351935398f58.jpg","__typename":"Image"},"trackingProperties":{"availability_score":0.8082,"available_ind":true,"blackout":false,"element_attributes":{"attributes":[{"id":"970","value":"low_fat_claim"}],"low_stock_label":false},"element_details":{"element_id":"items_40286-21091364","element_type":"item","item_tags":[],"product_id":"21091364","retailer_id":"1253","retailer_location_id":"40286"},"external_sku_id":null,"item_id":"1583513701","item_name":"LALA Strawberry Flavored Lowfat Yogurt","itemsview___layouts___itemsresponsebacked___item":"1533e8ee-c8af-4533-8243-89ef58229f0f","low_stock_label":false,"low_stock_variant":"none","on_sale_ind":{"buy_one_get_one":false,"cpg_coupon":false,"on_sale":false,"retailer":false},"product_category_name":"Traditional Yogurt","product_id":"21091364","restricted_for_targeting_and_sharing":false,"stock_level":"in_stock"},"itemCardRatingVariant":"hidden","itemCardQuickAddVariant":"control","itemCardDiscountBadgeVariant":"hide","itemCardLowStockLevelVariant":"visible","itemCardPricePerUnitVariant":"hide","quantityAttributesVariant":"eachAndWeight","hideActionsOnCartItemVariant":"true","itemCardHideQuickAddPriceVariant":"show","itemCardHideSizeVariant":"show","lowStockVariant":"none","boughtXTimesString":null,"requestAddString":null,"servingSizeString":null,"itemString":"Item","retailerReferenceCodeString":null,"retailerLookupCodeString":null,"variantDimensionsString":null,"tastingNotesString":null,"rewardProgramLabelString":null,"nameStringFormatted":{"id":"cf53895a","sections":[{"id":"b38a630a","name":"bodymedium2","content":"LALA Strawberry Flavored Lowfat Yogurt","__typename":"ViewFormattedStringSection"}],"__typename":"ViewFormattedString"},"taxStringFormatted":null,"fsaHsaEligibleString":null,"itemTransparentImage":null,"__typename":"ItemsResponseBackedItemSection"},"tags":[],"comboPromotions":[],"nutritionalAttributes":[{"viewSection":{"shortLabelString":"Pro","unitString":"g","valueString":"5","__typename":"ItemsResponseBackedNutritionAttributeSection"},"__typename":"ItemsNutritionAttribute"},{"viewSection":{"shortLabelString":"Fat","unitString":"g","valueString":"1","__typename":"ItemsResponseBackedNutritionAttributeSection"},"__typename":"ItemsNutritionAttribute"},{"viewSection":{"shortLabelString":"Sug","unitString":"g","valueString":"23","__typename":"ItemsResponseBackedNutritionAttributeSection"},"__typename":"ItemsNutritionAttribute"},{"viewSection":{"shortLabelString":"Cal","unitString":"","valueString":"150","__typename":"ItemsResponseBackedNutritionAttributeSection"},"__typename":"ItemsNutritionAttribute"}],"__typename":"ItemsItem","price":{"id":"items_40286-21091364","itemId":"items_40286-21091364","debugProperties":{},"viewSection":{"badge":null,"itemCard":{"id":"items_response_backed:815c97c4:item_price:cdd807d2:item_card","fullPriceString":null,"priceAriaLabelString":"$4.85","pricePerUnitString":null,"priceString":"$4.85","pricingUnitSecondaryString":null,"pricingUnitString":null,"trackingProperties":{"item_card_impression_id":"1eb64756-df5d-4c8c-bdf2-50d81a1f9956"},"discountHeaderString":null,"discountSubHeaderString":"off!","priceSuffixString":"","plainFullPriceString":null,"priceScreenReaderString":"Current price: $4.85","fullPriceScreenReaderString":null,"priceBackgroundVariant":"hide","loyaltyProgramVariant":"hide","pricingUnitConvergenceVariant":"variant","badgeVisibilityVariant":"hide","priceStringFormatted":{"id":"f7a74577","sections":[{"id":"029c01cd","name":"small_currency_symbol","content":"$","__typename":"ViewFormattedStringSection"},{"id":"e3413f97","name":"dollar","content":"4","__typename":"ViewFormattedStringSection"},{"id":"0fd543a6","name":"cents","content":"85","__typename":"ViewFormattedStringSection"}],"__typename":"ViewFormattedString"},"offerLabelStringFormatted":null,"loyaltyPriceStringFormatted":null,"nonLoyaltyPriceStringFormatted":null,"loyaltyPriceStringPositionVariant":"control","secondaryTopStringFormatted":null,"secondaryBottomStringFormatted":null,"smartDiscountFormattedAttributesString":null,"__typename":"ItemsResponseBackedItemPriceItemCardSection"},"itemDetails":{"dealAppliedLabelString":null,"dealAppliedSoFarMessageString":null,"fullPriceString":null,"mixAndMatchItemsTitleString":"Available Mix \u0026 Match items","mixAndMatchItemsVariant":"hide","priceAriaLabelString":"$4.85","priceEstimateVariant":"hide","pricePerUnitString":"$0.81/oz","priceString":"$4.85","pricingUnitSecondaryString":null,"pricingUnitString":null,"saleDisclaimerString":null,"addLoyaltyCardString":null,"loyaltyProgramVariant":"hide","secondaryTopStringFormatted":null,"secondaryBottomStringFormatted":null,"__typename":"ItemsResponseBackedItemPriceItemDetailsSection"},"sizeSelector":null,"fullPriceString":null,"priceString":"$4.85","priceValueString":"4.85","currencySymbolString":"$","trackingProperties":{"item_tasks":[],"on_sale_ind":{"loyalty":false},"price":"$4.85","price_data_source":"legacy","product_id":"21091364"},"__typename":"ItemsResponseBackedItemPriceSection"},"parWeightTotalEstimate":{"id":"9a446a83","viewSection":{"parWeightString":null,"__typename":"ItemsResponseBackedParWeightTotalEstimateSection"},"__typename":"ItemsParWeightTotalEstimate"},"greatPrice":null,"__typename":"ItemsItemPrice"}},{"id":"items_40286-19796494","itemLoadId":null,"name":"LALA Yogurt Smoothie, Strawberry","size":"32 fl oz","productId":"19796494","legacyId":"1430602667","legacyV3Id":"item_1430602667","configurableProductId":null,"brandName":"lala","brandId":"153182","evergreenUrl":"19796494-lala-wild-strawberry-yogurt-smoothie-with-probiotics-32-fl-oz","inStoreItemLocation":null,"retailer":{"isUltrafast":false,"__typename":"RetailersRetailer"},"dietary":{"mlDietaryAttributes":null,"mlShoppingAttributes":["pescatarian"],"viewSection":{"attributesString":null,"attributeSections":[],"attributeBadgeImage":null,"__typename":"ItemsResponseBackedDietarySection"},"__typename":"ItemsDietary"},"itemEbt":null,"itemFreshFunds":null,"itemMedicare":null,"productRating":null,"productCanonicalUrl":null,"quantityAttributesEach":{"increment":1,"initial":1,"max":500,"min":1,"quantityType":"each","selectOptions":[1,2,3,4,5,6,7,8,9],"defaultSelectOption":1,"parWeight":null,"viewSection":{"maxedOutString":"Max 500 per order","minReachedString":null,"unitAriaString":"item","unitPluralAriaString":"items","unitPluralString":"ct","unitString":"ct","iconUnitTypeVisibilityVariant":"hide","variableWeightDisclaimerString":null,"variableWeightDisclaimerLongString":null,"totalWeightEstimateTemplateString":null,"totalWeightEstimateTemplatePluralString":null,"parWeightDisplayString":null,"quantityUnitVisibilityVariant":"show","stepperUnitTypeVisibilityVariant":"hide","__typename":"ItemsResponseBackedQuantityAttributesSection"},"__typename":"ItemsQuantityAttributes"},"quantityAttributesWeight":null,"quantityAttributes":{"increment":1,"initial":1,"max":500,"min":1,"quantityType":"each","selectOptions":[1,2,3,4,5,6,7,8,9],"defaultSelectOption":1,"parWeight":null,"viewSection":{"maxedOutString":"Max 500 per order","minReachedString":null,"unitAriaString":"item","unitPluralAriaString":"items","unitPluralString":"ct","unitString":"ct","iconUnitTypeVisibilityVariant":"hide","variableWeightDisclaimerString":null,"variableWeightDisclaimerLongString":null,"totalWeightEstimateTemplateString":null,"totalWeightEstimateTemplatePluralString":null,"parWeightDisplayString":null,"quantityUnitVisibilityVariant":"show","stepperUnitTypeVisibilityVariant":"hide","__typename":"ItemsResponseBackedQuantityAttributesSection"},"__typename":"ItemsQuantityAttributes"},"availability":{"available":true,"stockLevel":"inStock","blackoutTimes":null,"viewSection":{"stockLevelLabelString":"In stock","outOfStockCtaString":null,"similarItemsActionVariant":"none","warningIconImage":null,"__typename":"AvailabilityResponseBackedAvailabilitySection"},"__typename":"ItemsAvailability"},"variantGroup":null,"variantGroupId":null,"variantDimensionValues":[],"viewSection":{"itemImage":{"altText":null,"templateUrl":"https://www.instacart.com/image-server/{width=}x{height=}/filters:fill(FFFFFF,true):format(jpg)/d2lnr5mha7bycj.cloudfront.net/product-image/file/large_d5542db0-6393-4b3e-bacd-a6233f1255c7.png","url":"https://d2lnr5mha7bycj.cloudfront.net/product-image/file/large_d5542db0-6393-4b3e-bacd-a6233f1255c7.png","__typename":"Image"},"trackingProperties":{"availability_score":0.8175,"available_ind":true,"blackout":false,"element_attributes":{"attributes":[],"low_stock_label":false},"element_details":{"element_id":"items_40286-19796494","element_type":"item","item_tags":[],"product_id":"19796494","retailer_id":"1253","retailer_location_id":"40286"},"external_sku_id":null,"item_id":"1430602667","item_name":"LALA Yogurt Smoothie, Strawberry","itemsview___layouts___itemsresponsebacked___item":"2ebd0eba-a1bd-4bc1-b1d1-d30943a7416b","low_stock_label":false,"low_stock_variant":"none","on_sale_ind":{"buy_one_get_one":false,"cpg_coupon":false,"on_sale":false,"retailer":false},"product_category_name":"Yogurt Drinks","product_id":"19796494","restricted_for_targeting_and_sharing":false,"stock_level":"in_stock"},"itemCardRatingVariant":"hidden","itemCardQuickAddVariant":"control","itemCardDiscountBadgeVariant":"hide","itemCardLowStockLevelVariant":"visible","itemCardPricePerUnitVariant":"hide","quantityAttributesVariant":"eachAndWeight","hideActionsOnCartItemVariant":"true","itemCardHideQuickAddPriceVariant":"show","itemCardHideSizeVariant":"show","lowStockVariant":"none","boughtXTimesString":null,"requestAddString":null,"servingSizeString":null,"itemString":"Item","retailerReferenceCodeString":null,"retailerLookupCodeString":null,"variantDimensionsString":null,"tastingNotesString":null,"rewardProgramLabelString":null,"nameStringFormatted":{"id":"556254ad","sections":[{"id":"dac67c62","name":"bodymedium2","content":"LALA Yogurt Smoothie, Strawberry","__typename":"ViewFormattedStringSection"}],"__typename":"ViewFormattedString"},"taxStringFormatted":null,"fsaHsaEligibleString":null,"itemTransparentImage":null,"__typename":"ItemsResponseBackedItemSection"},"tags":[],"comboPromotions":[],"nutritionalAttributes":[{"viewSection":{"shortLabelString":"Pro","unitString":"g","valueString":"6","__typename":"ItemsResponseBackedNutritionAttributeSection"},"__typename":"ItemsNutritionAttribute"},{"viewSection":{"shortLabelString":"Fat","unitString":"g","valueString":"2","__typename":"ItemsResponseBackedNutritionAttributeSection"},"__typename":"ItemsNutritionAttribute"},{"viewSection":{"shortLabelString":"Sug","unitString":"g","valueString":"21","__typename":"ItemsResponseBackedNutritionAttributeSection"},"__typename":"ItemsNutritionAttribute"},{"viewSection":{"shortLabelString":"Cal","unitString":"","valueString":"150","__typename":"ItemsResponseBackedNutritionAttributeSection"},"__typename":"ItemsNutritionAttribute"}],"__typename":"ItemsItem","price":{"id":"items_40286-19796494","itemId":"items_40286-19796494","debugProperties":{},"viewSection":{"badge":null,"itemCard":{"id":"items_response_backed:7d7cb070:item_price:79074d19:item_card","fullPriceString":null,"priceAriaLabelString":"$6.92","pricePerUnitString":null,"priceString":"$6.92","pricingUnitSecondaryString":null,"pricingUnitString":null,"trackingProperties":{"item_card_impression_id":"1e5789f4-5b4d-492a-b291-100e9b38cdb3"},"discountHeaderString":null,"discountSubHeaderString":"off!","priceSuffixString":"","plainFullPriceString":null,"priceScreenReaderString":"Current price: $6.92","fullPriceScreenReaderString":null,"priceBackgroundVariant":"hide","loyaltyProgramVariant":"hide","pricingUnitConvergenceVariant":"variant","badgeVisibilityVariant":"hide","priceStringFormatted":{"id":"d7dabe27","sections":[{"id":"99e500fb","name":"small_currency_symbol","content":"$","__typename":"ViewFormattedStringSection"},{"id":"1da15226","name":"dollar","content":"6","__typename":"ViewFormattedStringSection"},{"id":"855aebd6","name":"cents","content":"92","__typename":"ViewFormattedStringSection"}],"__typename":"ViewFormattedString"},"offerLabelStringFormatted":null,"loyaltyPriceStringFormatted":null,"nonLoyaltyPriceStringFormatted":null,"loyaltyPriceStringPositionVariant":"control","secondaryTopStringFormatted":null,"secondaryBottomStringFormatted":null,"smartDiscountFormattedAttributesString":null,"__typename":"ItemsResponseBackedItemPriceItemCardSection"},"itemDetails":{"dealAppliedLabelString":null,"dealAppliedSoFarMessageString":null,"fullPriceString":null,"mixAndMatchItemsTitleString":"Available Mix \u0026 Match items","mixAndMatchItemsVariant":"hide","priceAriaLabelString":"$6.92","priceEstimateVariant":"hide","pricePerUnitString":"$0.22/fl oz","priceString":"$6.92","pricingUnitSecondaryString":null,"pricingUnitString":null,"saleDisclaimerString":null,"addLoyaltyCardString":null,"loyaltyProgramVariant":"hide","secondaryTopStringFormatted":null,"secondaryBottomStringFormatted":null,"__typename":"ItemsResponseBackedItemPriceItemDetailsSection"},"sizeSelector":null,"fullPriceString":null,"priceString":"$6.92","priceValueString":"6.92","currencySymbolString":"$","trackingProperties":{"item_tasks":[],"on_sale_ind":{"loyalty":false},"price":"$6.92","price_data_source":"legacy","product_id":"19796494"},"__typename":"ItemsResponseBackedItemPriceSection"},"parWeightTotalEstimate":{"id":"97a0da3e","viewSection":{"parWeightString":null,"__typename":"ItemsResponseBackedParWeightTotalEstimateSection"},"__typename":"ItemsParWeightTotalEstimate"},"greatPrice":null,"__typename":"ItemsItemPrice"}},{"id":"items_40286-19817534","itemLoadId":null,"name":"LALA Yogurt Smoothie, Strawberry Banana","size":"7 fl oz","productId":"19817534","legacyId":"1431307234","legacyV3Id":"item_1431307234","configurableProductId":null,"brandName":"lala","brandId":"153182","evergreenUrl":"19817534-lala-strawberry-banana-yogurt-smoothie-with-probiotics-207-ml","inStoreItemLocation":null,"retailer":{"isUltrafast":false,"__typename":"RetailersRetailer"},"dietary":{"mlDietaryAttributes":null,"mlShoppingAttributes":["pescatarian"],"viewSection":{"attributesString":null,"attributeSections":[],"attributeBadgeImage":null,"__typename":"ItemsResponseBackedDietarySection"},"__typename":"ItemsDietary"},"itemEbt":null,"itemFreshFunds":null,"itemMedicare":null,"productRating":null,"productCanonicalUrl":null,"quantityAttributesEach":{"increment":1,"initial":1,"max":500,"min":1,"quantityType":"each","selectOptions":[1,2,3,4,5,6,7,8,9],"defaultSelectOption":1,"parWeight":null,"viewSection":{"maxedOutString":"Max 500 per order","minReachedString":null,"unitAriaString":"item","unitPluralAriaString":"items","unitPluralString":"ct","unitString":"ct","iconUnitTypeVisibilityVariant":"hide","variableWeightDisclaimerString":null,"variableWeightDisclaimerLongString":null,"totalWeightEstimateTemplateString":null,"totalWeightEstimateTemplatePluralString":null,"parWeightDisplayString":null,"quantityUnitVisibilityVariant":"show","stepperUnitTypeVisibilityVariant":"hide","__typename":"ItemsResponseBackedQuantityAttributesSection"},"__typename":"ItemsQuantityAttributes"},"quantityAttributesWeight":null,"quantityAttributes":{"increment":1,"initial":1,"max":500,"min":1,"quantityType":"each","selectOptions":[1,2,3,4,5,6,7,8,9],"defaultSelectOption":1,"parWeight":null,"viewSection":{"maxedOutString":"Max 500 per order","minReachedString":null,"unitAriaString":"item","unitPluralAriaString":"items","unitPluralString":"ct","unitString":"ct","iconUnitTypeVisibilityVariant":"hide","variableWeightDisclaimerString":null,"variableWeightDisclaimerLongString":null,"totalWeightEstimateTemplateString":null,"totalWeightEstimateTemplatePluralString":null,"parWeightDisplayString":null,"quantityUnitVisibilityVariant":"show","stepperUnitTypeVisibilityVariant":"hide","__typename":"ItemsResponseBackedQuantityAttributesSection"},"__typename":"ItemsQuantityAttributes"},"availability":{"available":true,"stockLevel":"inStock","blackoutTimes":null,"viewSection":{"stockLevelLabelString":"In stock","outOfStockCtaString":null,"similarItemsActionVariant":"none","warningIconImage":null,"__typename":"AvailabilityResponseBackedAvailabilitySection"},"__typename":"ItemsAvailability"},"variantGroup":null,"variantGroupId":null,"variantDimensionValues":[],"viewSection":{"itemImage":{"altText":null,"templateUrl":"https://www.instacart.com/image-server/{width=}x{height=}/filters:fill(FFFFFF,true):format(jpg)/d2lnr5mha7bycj.cloudfront.net/product-image/file/large_4502df61-fa54-4343-873c-6768fc2e4dbd.png","url":"https://d2lnr5mha7bycj.cloudfront.net/product-image/file/large_4502df61-fa54-4343-873c-6768fc2e4dbd.png","__typename":"Image"},"trackingProperties":{"availability_score":0.8125,"available_ind":true,"blackout":false,"element_attributes":{"attributes":[],"low_stock_label":false},"element_details":{"element_id":"items_40286-19817534","element_type":"item","item_tags":[],"product_id":"19817534","retailer_id":"1253","retailer_location_id":"40286"},"external_sku_id":null,"item_id":"1431307234","item_name":"LALA Yogurt Smoothie, Strawberry Banana","itemsview___layouts___itemsresponsebacked___item":"aaa93ef8-fb31-4797-8e79-fa35ef69403c","low_stock_label":false,"low_stock_variant":"none","on_sale_ind":{"buy_one_get_one":false,"cpg_coupon":false,"on_sale":false,"retailer":false},"product_category_name":"Yogurt Drinks","product_id":"19817534","restricted_for_targeting_and_sharing":false,"stock_level":"in_stock"},"itemCardRatingVariant":"hidden","itemCardQuickAddVariant":"control","itemCardDiscountBadgeVariant":"hide","itemCardLowStockLevelVariant":"visible","itemCardPricePerUnitVariant":"hide","quantityAttributesVariant":"eachAndWeight","hideActionsOnCartItemVariant":"true","itemCardHideQuickAddPriceVariant":"show","itemCardHideSizeVariant":"show","lowStockVariant":"none","boughtXTimesString":null,"requestAddString":null,"servingSizeString":null,"itemString":"Item","retailerReferenceCodeString":null,"retailerLookupCodeString":null,"variantDimensionsString":null,"tastingNotesString":null,"rewardProgramLabelString":null,"nameStringFormatted":{"id":"242c049a","sections":[{"id":"fcc4af0c","name":"bodymedium2","content":"LALA Yogurt Smoothie, Strawberry Banana","__typename":"ViewFormattedStringSection"}],"__typename":"ViewFormattedString"},"taxStringFormatted":null,"fsaHsaEligibleString":null,"itemTransparentImage":null,"__typename":"ItemsResponseBackedItemSection"},"tags":[],"comboPromotions":[],"nutritionalAttributes":[{"viewSection":{"shortLabelString":"Pro","unitString":"g","valueString":"5","__typename":"ItemsResponseBackedNutritionAttributeSection"},"__typename":"ItemsNutritionAttribute"},{"viewSection":{"shortLabelString":"Fat","unitString":"g","valueString":"1.5","__typename":"ItemsResponseBackedNutritionAttributeSection"},"__typename":"ItemsNutritionAttribute"},{"viewSection":{"shortLabelString":"Sug","unitString":"g","valueString":"17","__typename":"ItemsResponseBackedNutritionAttributeSection"},"__typename":"ItemsNutritionAttribute"},{"viewSection":{"shortLabelString":"Cal","unitString":"","valueString":"130","__typename":"ItemsResponseBackedNutritionAttributeSection"},"__typename":"ItemsNutritionAttribute"}],"__typename":"ItemsItem","price":{"id":"items_40286-19817534","itemId":"items_40286-19817534","debugProperties":{},"viewSection":{"badge":null,"itemCard":{"id":"items_response_backed:98b87cfe:item_price:4c241eb9:item_card","fullPriceString":null,"priceAriaLabelString":"$2.06","pricePerUnitString":null,"priceString":"$2.06","pricingUnitSecondaryString":null,"pricingUnitString":null,"trackingProperties":{"item_card_impression_id":"b93285f1-1015-4514-af9e-239a5a62771d"},"discountHeaderString":null,"discountSubHeaderString":"off!","priceSuffixString":"","plainFullPriceString":null,"priceScreenReaderString":"Current price: $2.06","fullPriceScreenReaderString":null,"priceBackgroundVariant":"hide","loyaltyProgramVariant":"hide","pricingUnitConvergenceVariant":"variant","badgeVisibilityVariant":"hide","priceStringFormatted":{"id":"7adc48f2","sections":[{"id":"ab8aa9db","name":"small_currency_symbol","content":"$","__typename":"ViewFormattedStringSection"},{"id":"7aa7b521","name":"dollar","content":"2","__typename":"ViewFormattedStringSection"},{"id":"f3860784","name":"cents","content":"06","__typename":"ViewFormattedStringSection"}],"__typename":"ViewFormattedString"},"offerLabelStringFormatted":null,"loyaltyPriceStringFormatted":null,"nonLoyaltyPriceStringFormatted":null,"loyaltyPriceStringPositionVariant":"control","secondaryTopStringFormatted":null,"secondaryBottomStringFormatted":null,"smartDiscountFormattedAttributesString":null,"__typename":"ItemsResponseBackedItemPriceItemCardSection"},"itemDetails":{"dealAppliedLabelString":null,"dealAppliedSoFarMessageString":null,"fullPriceString":null,"mixAndMatchItemsTitleString":"Available Mix \u0026 Match items","mixAndMatchItemsVariant":"hide","priceAriaLabelString":"$2.06","priceEstimateVariant":"hide","pricePerUnitString":"$0.29/fl oz","priceString":"$2.06","pricingUnitSecondaryString":null,"pricingUnitString":null,"saleDisclaimerString":null,"addLoyaltyCardString":null,"loyaltyProgramVariant":"hide","secondaryTopStringFormatted":null,"secondaryBottomStringFormatted":null,"__typename":"ItemsResponseBackedItemPriceItemDetailsSection"},"sizeSelector":null,"fullPriceString":null,"priceString":"$2.06","priceValueString":"2.06","currencySymbolString":"$","trackingProperties":{"item_tasks":[],"on_sale_ind":{"loyalty":false},"price":"$2.06","price_data_source":"legacy","product_id":"19817534"},"__typename":"ItemsResponseBackedItemPriceSection"},"parWeightTotalEstimate":{"id":"2453d369","viewSection":{"parWeightString":null,"__typename":"ItemsResponseBackedParWeightTotalEstimateSection"},"__typename":"ItemsParWeightTotalEstimate"},"greatPrice":null,"__typename":"ItemsItemPrice"}},{"id":"items_40286-21186404","itemLoadId":null,"name":"El Mexicano Yogurt Drink, Pina Colada","size":"28 fl oz","productId":"21186404","legacyId":"1583513317","legacyV3Id":"item_1583513317","configurableProductId":null,"brandName":"el mexicano","brandId":"2514","evergreenUrl":"21186404-el-mexicano-saborico-pina-colada-yogurt-drink-28-fl-oz","inStoreItemLocation":null,"retailer":{"isUltrafast":false,"__typename":"RetailersRetailer"},"dietary":{"mlDietaryAttributes":null,"mlShoppingAttributes":["pescatarian"],"viewSection":{"attributesString":null,"attributeSections":[],"attributeBadgeImage":null,"__typename":"ItemsResponseBackedDietarySection"},"__typename":"ItemsDietary"},"itemEbt":null,"itemFreshFunds":null,"itemMedicare":null,"productRating":null,"productCanonicalUrl":null,"quantityAttributesEach":{"increment":1,"initial":1,"max":500,"min":1,"quantityType":"each","selectOptions":[1,2,3,4,5,6,7,8,9],"defaultSelectOption":1,"parWeight":null,"viewSection":{"maxedOutString":"Max 500 per order","minReachedString":null,"unitAriaString":"item","unitPluralAriaString":"items","unitPluralString":"ct","unitString":"ct","iconUnitTypeVisibilityVariant":"hide","variableWeightDisclaimerString":null,"variableWeightDisclaimerLongString":null,"totalWeightEstimateTemplateString":null,"totalWeightEstimateTemplatePluralString":null,"parWeightDisplayString":null,"quantityUnitVisibilityVariant":"show","stepperUnitTypeVisibilityVariant":"hide","__typename":"ItemsResponseBackedQuantityAttributesSection"},"__typename":"ItemsQuantityAttributes"},"quantityAttributesWeight":null,"quantityAttributes":{"increment":1,"initial":1,"max":500,"min":1,"quantityType":"each","selectOptions":[1,2,3,4,5,6,7,8,9],"defaultSelectOption":1,"parWeight":null,"viewSection":{"maxedOutString":"Max 500 per order","minReachedString":null,"unitAriaString":"item","unitPluralAriaString":"items","unitPluralString":"ct","unitString":"ct","iconUnitTypeVisibilityVariant":"hide","variableWeightDisclaimerString":null,"variableWeightDisclaimerLongString":null,"totalWeightEstimateTemplateString":null,"totalWeightEstimateTemplatePluralString":null,"parWeightDisplayString":null,"quantityUnitVisibilityVariant":"show","stepperUnitTypeVisibilityVariant":"hide","__typename":"ItemsResponseBackedQuantityAttributesSection"},"__typename":"ItemsQuantityAttributes"},"availability":{"available":true,"stockLevel":"highlyInStock","blackoutTimes":null,"viewSection":{"stockLevelLabelString":"Many in stock","outOfStockCtaString":null,"similarItemsActionVariant":"none","warningIconImage":{"id":"de57b463","url":"https://www.instacart.com/assets/dependability/item_availability/highly_in_stock-18910a57dac5f8e2db073c800e1742558d519cc5d5b20f375efa8a495462471c.png","__typename":"Image"},"__typename":"AvailabilityResponseBackedAvailabilitySection"},"__typename":"ItemsAvailability"},"variantGroup":null,"variantGroupId":null,"variantDimensionValues":[],"viewSection":{"itemImage":{"altText":null,"templateUrl":"https://www.instacart.com/image-server/{width=}x{height=}/filters:fill(FFFFFF,true):format(jpg)/d2lnr5mha7bycj.cloudfront.net/product-image/file/large_fe5a2c78-d9df-4ae8-a927-9423795eb5d8.jpg","url":"https://d2lnr5mha7bycj.cloudfront.net/product-image/file/large_fe5a2c78-d9df-4ae8-a927-9423795eb5d8.jpg","__typename":"Image"},"trackingProperties":{"availability_score":0.9435,"available_ind":true,"blackout":false,"element_attributes":{"attributes":[],"low_stock_label":false},"element_details":{"element_id":"items_40286-21186404","element_type":"item","item_tags":[],"product_id":"21186404","retailer_id":"1253","retailer_location_id":"40286"},"external_sku_id":null,"item_id":"1583513317","item_name":"El Mexicano Yogurt Drink, Pina Colada","itemsview___layouts___itemsresponsebacked___item":"282acf08-5844-41fb-adf8-635e6f41aa35","low_stock_label":false,"low_stock_variant":"none","on_sale_ind":{"buy_one_get_one":false,"cpg_coupon":false,"on_sale":false,"retailer":false},"product_category_name":"Yogurt Drinks","product_id":"21186404","restricted_for_targeting_and_sharing":false,"stock_level":"highly_in_stock"},"itemCardRatingVariant":"hidden","itemCardQuickAddVariant":"control","itemCardDiscountBadgeVariant":"hide","itemCardLowStockLevelVariant":"visible","itemCardPricePerUnitVariant":"hide","quantityAttributesVariant":"eachAndWeight","hideActionsOnCartItemVariant":"true","itemCardHideQuickAddPriceVariant":"show","itemCardHideSizeVariant":"show","lowStockVariant":"none","boughtXTimesString":null,"requestAddString":null,"servingSizeString":null,"itemString":"Item","retailerReferenceCodeString":null,"retailerLookupCodeString":null,"variantDimensionsString":null,"tastingNotesString":null,"rewardProgramLabelString":null,"nameStringFormatted":{"id":"04810ce4","sections":[{"id":"aed447d5","name":"bodymedium2","content":"El Mexicano Yogurt Drink, Pina Colada","__typename":"ViewFormattedStringSection"}],"__typename":"ViewFormattedString"},"taxStringFormatted":null,"fsaHsaEligibleString":null,"itemTransparentImage":null,"__typename":"ItemsResponseBackedItemSection"},"tags":[],"comboPromotions":[],"nutritionalAttributes":[{"viewSection":{"shortLabelString":"Pro","unitString":"g","valueString":"7","__typename":"ItemsResponseBackedNutritionAttributeSection"},"__typename":"ItemsNutritionAttribute"},{"viewSection":{"shortLabelString":"Fat","unitString":"g","valueString":"6","__typename":"ItemsResponseBackedNutritionAttributeSection"},"__typename":"ItemsNutritionAttribute"},{"viewSection":{"shortLabelString":"Sug","unitString":"g","valueString":"30","__typename":"ItemsResponseBackedNutritionAttributeSection"},"__typename":"ItemsNutritionAttribute"},{"viewSection":{"shortLabelString":"Cal","unitString":"","valueString":"197","__typename":"ItemsResponseBackedNutritionAttributeSection"},"__typename":"ItemsNutritionAttribute"}],"__typename":"ItemsItem","price":{"id":"items_40286-21186404","itemId":"items_40286-21186404","debugProperties":{},"viewSection":{"badge":null,"itemCard":{"id":"items_response_backed:bec9f894:item_price:878c7451:item_card","fullPriceString":null,"priceAriaLabelString":"$6.68","pricePerUnitString":null,"priceString":"$6.68","pricingUnitSecondaryString":null,"pricingUnitString":null,"trackingProperties":{"item_card_impression_id":"3f68467b-563f-41ea-9b0d-da4cc096db2a"},"discountHeaderString":null,"discountSubHeaderString":"off!","priceSuffixString":"","plainFullPriceString":null,"priceScreenReaderString":"Current price: $6.68","fullPriceScreenReaderString":null,"priceBackgroundVariant":"hide","loyaltyProgramVariant":"hide","pricingUnitConvergenceVariant":"variant","badgeVisibilityVariant":"hide","priceStringFormatted":{"id":"0f441559","sections":[{"id":"eae6ca8a","name":"small_currency_symbol","content":"$","__typename":"ViewFormattedStringSection"},{"id":"0f6155de","name":"dollar","content":"6","__typename":"ViewFormattedStringSection"},{"id":"a80452f4","name":"cents","content":"68","__typename":"ViewFormattedStringSection"}],"__typename":"ViewFormattedString"},"offerLabelStringFormatted":null,"loyaltyPriceStringFormatted":null,"nonLoyaltyPriceStringFormatted":null,"loyaltyPriceStringPositionVariant":"control","secondaryTopStringFormatted":null,"secondaryBottomStringFormatted":null,"smartDiscountFormattedAttributesString":null,"__typename":"ItemsResponseBackedItemPriceItemCardSection"},"itemDetails":{"dealAppliedLabelString":null,"dealAppliedSoFarMessageString":null,"fullPriceString":null,"mixAndMatchItemsTitleString":"Available Mix \u0026 Match items","mixAndMatchItemsVariant":"hide","priceAriaLabelString":"$6.68","priceEstimateVariant":"hide","pricePerUnitString":"$0.24/fl oz","priceString":"$6.68","pricingUnitSecondaryString":null,"pricingUnitString":null,"saleDisclaimerString":null,"addLoyaltyCardString":null,"loyaltyProgramVariant":"hide","secondaryTopStringFormatted":null,"secondaryBottomStringFormatted":null,"__typename":"ItemsResponseBackedItemPriceItemDetailsSection"},"sizeSelector":null,"fullPriceString":null,"priceString":"$6.68","priceValueString":"6.68","currencySymbolString":"$","trackingProperties":{"item_tasks":[],"on_sale_ind":{"loyalty":false},"price":"$6.68","price_data_source":"legacy","product_id":"21186404"},"__typename":"ItemsResponseBackedItemPriceSection"},"parWeightTotalEstimate":{"id":"2966160f","viewSection":{"parWeightString":null,"__typename":"ItemsResponseBackedParWeightTotalEstimateSection"},"__typename":"ItemsParWeightTotalEstimate"},"greatPrice":null,"__typename":"ItemsItemPrice"}},{"id":"items_40286-21176825","itemLoadId":null,"name":"El Mexicano Yogurt Drink, Strawberry-Banana","size":"28 fl oz","productId":"21176825","legacyId":"1583523033","legacyV3Id":"item_1583523033","configurableProductId":null,"brandName":"el mexicano","brandId":"2514","evergreenUrl":"21176825-el-mexicano-strawberry-banana-flavored-saborico-yogurt-drink-28-fl-oz","inStoreItemLocation":null,"retailer":{"isUltrafast":false,"__typename":"RetailersRetailer"},"dietary":{"mlDietaryAttributes":null,"mlShoppingAttributes":["pescatarian"],"viewSection":{"attributesString":null,"attributeSections":[],"attributeBadgeImage":null,"__typename":"ItemsResponseBackedDietarySection"},"__typename":"ItemsDietary"},"itemEbt":null,"itemFreshFunds":null,"itemMedicare":null,"productRating":null,"productCanonicalUrl":null,"quantityAttributesEach":{"increment":1,"initial":1,"max":500,"min":1,"quantityType":"each","selectOptions":[1,2,3,4,5,6,7,8,9],"defaultSelectOption":1,"parWeight":null,"viewSection":{"maxedOutString":"Max 500 per order","minReachedString":null,"unitAriaString":"item","unitPluralAriaString":"items","unitPluralString":"ct","unitString":"ct","iconUnitTypeVisibilityVariant":"hide","variableWeightDisclaimerString":null,"variableWeightDisclaimerLongString":null,"totalWeightEstimateTemplateString":null,"totalWeightEstimateTemplatePluralString":null,"parWeightDisplayString":null,"quantityUnitVisibilityVariant":"show","stepperUnitTypeVisibilityVariant":"hide","__typename":"ItemsResponseBackedQuantityAttributesSection"},"__typename":"ItemsQuantityAttributes"},"quantityAttributesWeight":null,"quantityAttributes":{"increment":1,"initial":1,"max":500,"min":1,"quantityType":"each","selectOptions":[1,2,3,4,5,6,7,8,9],"defaultSelectOption":1,"parWeight":null,"viewSection":{"maxedOutString":"Max 500 per order","minReachedString":null,"unitAriaString":"item","unitPluralAriaString":"items","unitPluralString":"ct","unitString":"ct","iconUnitTypeVisibilityVariant":"hide","variableWeightDisclaimerString":null,"variableWeightDisclaimerLongString":null,"totalWeightEstimateTemplateString":null,"totalWeightEstimateTemplatePluralString":null,"parWeightDisplayString":null,"quantityUnitVisibilityVariant":"show","stepperUnitTypeVisibilityVariant":"hide","__typename":"ItemsResponseBackedQuantityAttributesSection"},"__typename":"ItemsQuantityAttributes"},"availability":{"available":true,"stockLevel":"highlyInStock","blackoutTimes":null,"viewSection":{"stockLevelLabelString":"Many in stock","outOfStockCtaString":null,"similarItemsActionVariant":"none","warningIconImage":{"id":"92d2f40d","url":"https://www.instacart.com/assets/dependability/item_availability/highly_in_stock-18910a57dac5f8e2db073c800e1742558d519cc5d5b20f375efa8a495462471c.png","__typename":"Image"},"__typename":"AvailabilityResponseBackedAvailabilitySection"},"__typename":"ItemsAvailability"},"variantGroup":null,"variantGroupId":null,"variantDimensionValues":[],"viewSection":{"itemImage":{"altText":null,"templateUrl":"https://www.instacart.com/image-server/{width=}x{height=}/filters:fill(FFFFFF,true):format(jpg)/d2lnr5mha7bycj.cloudfront.net/product-image/file/large_6592fe5a-633f-4ec0-af72-3a7c271fcfb3.jpg","url":"https://d2lnr5mha7bycj.cloudfront.net/product-image/file/large_6592fe5a-633f-4ec0-af72-3a7c271fcfb3.jpg","__typename":"Image"},"trackingProperties":{"availability_score":0.9426,"available_ind":true,"blackout":false,"element_attributes":{"attributes":[],"low_stock_label":false},"element_details":{"element_id":"items_40286-21176825","element_type":"item","item_tags":[],"product_id":"21176825","retailer_id":"1253","retailer_location_id":"40286"},"external_sku_id":null,"item_id":"1583523033","item_name":"El Mexicano Yogurt Drink, Strawberry-Banana","itemsview___layouts___itemsresponsebacked___item":"faf8667d-e0de-468f-9f3a-0fefcf472317","low_stock_label":false,"low_stock_variant":"none","on_sale_ind":{"buy_one_get_one":false,"cpg_coupon":false,"on_sale":false,"retailer":false},"product_category_name":"Yogurt Drinks","product_id":"21176825","restricted_for_targeting_and_sharing":false,"stock_level":"highly_in_stock"},"itemCardRatingVariant":"hidden","itemCardQuickAddVariant":"control","itemCardDiscountBadgeVariant":"hide","itemCardLowStockLevelVariant":"visible","itemCardPricePerUnitVariant":"hide","quantityAttributesVariant":"eachAndWeight","hideActionsOnCartItemVariant":"true","itemCardHideQuickAddPriceVariant":"show","itemCardHideSizeVariant":"show","lowStockVariant":"none","boughtXTimesString":null,"requestAddString":null,"servingSizeString":null,"itemString":"Item","retailerReferenceCodeString":null,"retailerLookupCodeString":null,"variantDimensionsString":null,"tastingNotesString":null,"rewardProgramLabelString":null,"nameStringFormatted":{"id":"8f53a645","sections":[{"id":"56a76675","name":"bodymedium2","content":"El Mexicano Yogurt Drink, Strawberry-Banana","__typename":"ViewFormattedStringSection"}],"__typename":"ViewFormattedString"},"taxStringFormatted":null,"fsaHsaEligibleString":null,"itemTransparentImage":null,"__typename":"ItemsResponseBackedItemSection"},"tags":[],"comboPromotions":[],"nutritionalAttributes":[{"viewSection":{"shortLabelString":"Pro","unitString":"g","valueString":"7","__typename":"ItemsResponseBackedNutritionAttributeSection"},"__typename":"ItemsNutritionAttribute"},{"viewSection":{"shortLabelString":"Fat","unitString":"g","valueString":"6","__typename":"ItemsResponseBackedNutritionAttributeSection"},"__typename":"ItemsNutritionAttribute"},{"viewSection":{"shortLabelString":"Sug","unitString":"g","valueString":"29","__typename":"ItemsResponseBackedNutritionAttributeSection"},"__typename":"ItemsNutritionAttribute"},{"viewSection":{"shortLabelString":"Cal","unitString":"","valueString":"196","__typename":"ItemsResponseBackedNutritionAttributeSection"},"__typename":"ItemsNutritionAttribute"}],"__typename":"ItemsItem","price":{"id":"items_40286-21176825","itemId":"items_40286-21176825","debugProperties":{},"viewSection":{"badge":null,"itemCard":{"id":"items_response_backed:3a5e7445:item_price:f9341411:item_card","fullPriceString":null,"priceAriaLabelString":"$6.68","pricePerUnitString":null,"priceString":"$6.68","pricingUnitSecondaryString":null,"pricingUnitString":null,"trackingProperties":{"item_card_impression_id":"4eb051b9-e734-4d3b-ac34-32859bb2d8e9"},"discountHeaderString":null,"discountSubHeaderString":"off!","priceSuffixString":"","plainFullPriceString":null,"priceScreenReaderString":"Current price: $6.68","fullPriceScreenReaderString":null,"priceBackgroundVariant":"hide","loyaltyProgramVariant":"hide","pricingUnitConvergenceVariant":"variant","badgeVisibilityVariant":"hide","priceStringFormatted":{"id":"f092e26b","sections":[{"id":"55a715f9","name":"small_currency_symbol","content":"$","__typename":"ViewFormattedStringSection"},{"id":"6754b401","name":"dollar","content":"6","__typename":"ViewFormattedStringSection"},{"id":"6c67778a","name":"cents","content":"68","__typename":"ViewFormattedStringSection"}],"__typename":"ViewFormattedString"},"offerLabelStringFormatted":null,"loyaltyPriceStringFormatted":null,"nonLoyaltyPriceStringFormatted":null,"loyaltyPriceStringPositionVariant":"control","secondaryTopStringFormatted":null,"secondaryBottomStringFormatted":null,"smartDiscountFormattedAttributesString":null,"__typename":"ItemsResponseBackedItemPriceItemCardSection"},"itemDetails":{"dealAppliedLabelString":null,"dealAppliedSoFarMessageString":null,"fullPriceString":null,"mixAndMatchItemsTitleString":"Available Mix \u0026 Match items","mixAndMatchItemsVariant":"hide","priceAriaLabelString":"$6.68","priceEstimateVariant":"hide","pricePerUnitString":"$0.24/fl oz","priceString":"$6.68","pricingUnitSecondaryString":null,"pricingUnitString":null,"saleDisclaimerString":null,"addLoyaltyCardString":null,"loyaltyProgramVariant":"hide","secondaryTopStringFormatted":null,"secondaryBottomStringFormatted":null,"__typename":"ItemsResponseBackedItemPriceItemDetailsSection"},"sizeSelector":null,"fullPriceString":null,"priceString":"$6.68","priceValueString":"6.68","currencySymbolString":"$","trackingProperties":{"item_tasks":[],"on_sale_ind":{"loyalty":false},"price":"$6.68","price_data_source":"legacy","product_id":"21176825"},"__typename":"ItemsResponseBackedItemPriceSection"},"parWeightTotalEstimate":{"id":"0e8fdd47","viewSection":{"parWeightString":null,"__typename":"ItemsResponseBackedParWeightTotalEstimateSection"},"__typename":"ItemsParWeightTotalEstimate"},"greatPrice":null,"__typename":"ItemsItemPrice"}},{"id":"items_40286-19841671","itemLoadId":null,"name":"LALA Yogurt Smoothie, Pecan Cereal","size":"7 fl oz","productId":"19841671","legacyId":"1430493146","legacyV3Id":"item_1430493146","configurableProductId":null,"brandName":"lala","brandId":"153182","evergreenUrl":"19841671-lala-pecan-cereal-yogurt-smoothie-with-probiotics-207-ml","inStoreItemLocation":null,"retailer":{"isUltrafast":false,"__typename":"RetailersRetailer"},"dietary":{"mlDietaryAttributes":null,"mlShoppingAttributes":["pescatarian"],"viewSection":{"attributesString":null,"attributeSections":[],"attributeBadgeImage":null,"__typename":"ItemsResponseBackedDietarySection"},"__typename":"ItemsDietary"},"itemEbt":null,"itemFreshFunds":null,"itemMedicare":null,"productRating":null,"productCanonicalUrl":null,"quantityAttributesEach":{"increment":1,"initial":1,"max":500,"min":1,"quantityType":"each","selectOptions":[1,2,3,4,5,6,7,8,9],"defaultSelectOption":1,"parWeight":null,"viewSection":{"maxedOutString":"Max 500 per order","minReachedString":null,"unitAriaString":"item","unitPluralAriaString":"items","unitPluralString":"ct","unitString":"ct","iconUnitTypeVisibilityVariant":"hide","variableWeightDisclaimerString":null,"variableWeightDisclaimerLongString":null,"totalWeightEstimateTemplateString":null,"totalWeightEstimateTemplatePluralString":null,"parWeightDisplayString":null,"quantityUnitVisibilityVariant":"show","stepperUnitTypeVisibilityVariant":"hide","__typename":"ItemsResponseBackedQuantityAttributesSection"},"__typename":"ItemsQuantityAttributes"},"quantityAttributesWeight":null,"quantityAttributes":{"increment":1,"initial":1,"max":500,"min":1,"quantityType":"each","selectOptions":[1,2,3,4,5,6,7,8,9],"defaultSelectOption":1,"parWeight":null,"viewSection":{"maxedOutString":"Max 500 per order","minReachedString":null,"unitAriaString":"item","unitPluralAriaString":"items","unitPluralString":"ct","unitString":"ct","iconUnitTypeVisibilityVariant":"hide","variableWeightDisclaimerString":null,"variableWeightDisclaimerLongString":null,"totalWeightEstimateTemplateString":null,"totalWeightEstimateTemplatePluralString":null,"parWeightDisplayString":null,"quantityUnitVisibilityVariant":"show","stepperUnitTypeVisibilityVariant":"hide","__typename":"ItemsResponseBackedQuantityAttributesSection"},"__typename":"ItemsQuantityAttributes"},"availability":{"available":true,"stockLevel":"inStock","blackoutTimes":null,"viewSection":{"stockLevelLabelString":"In stock","outOfStockCtaString":null,"similarItemsActionVariant":"none","warningIconImage":null,"__typename":"AvailabilityResponseBackedAvailabilitySection"},"__typename":"ItemsAvailability"},"variantGroup":null,"variantGroupId":null,"variantDimensionValues":[],"viewSection":{"itemImage":{"altText":null,"templateUrl":"https://www.instacart.com/image-server/{width=}x{height=}/filters:fill(FFFFFF,true):format(jpg)/d2lnr5mha7bycj.cloudfront.net/product-image/file/large_33e0ed42-a951-458b-9da5-15ab380e45d8.png","url":"https://d2lnr5mha7bycj.cloudfront.net/product-image/file/large_33e0ed42-a951-458b-9da5-15ab380e45d8.png","__typename":"Image"},"trackingProperties":{"availability_score":0.8875,"available_ind":true,"blackout":false,"element_attributes":{"attributes":[],"low_stock_label":false},"element_details":{"element_id":"items_40286-19841671","element_type":"item","item_tags":[],"product_id":"19841671","retailer_id":"1253","retailer_location_id":"40286"},"external_sku_id":null,"item_id":"1430493146","item_name":"LALA Yogurt Smoothie, Pecan Cereal","itemsview___layouts___itemsresponsebacked___item":"72ec4653-97c8-493a-88f8-174f192a329a","low_stock_label":false,"low_stock_variant":"none","on_sale_ind":{"buy_one_get_one":false,"cpg_coupon":false,"on_sale":false,"retailer":false},"product_category_name":"Yogurt Drinks","product_id":"19841671","restricted_for_targeting_and_sharing":false,"stock_level":"in_stock"},"itemCardRatingVariant":"hidden","itemCardQuickAddVariant":"control","itemCardDiscountBadgeVariant":"hide","itemCardLowStockLevelVariant":"visible","itemCardPricePerUnitVariant":"hide","quantityAttributesVariant":"eachAndWeight","hideActionsOnCartItemVariant":"true","itemCardHideQuickAddPriceVariant":"show","itemCardHideSizeVariant":"show","lowStockVariant":"none","boughtXTimesString":null,"requestAddString":null,"servingSizeString":null,"itemString":"Item","retailerReferenceCodeString":null,"retailerLookupCodeString":null,"variantDimensionsString":null,"tastingNotesString":null,"rewardProgramLabelString":null,"nameStringFormatted":{"id":"4daffe40","sections":[{"id":"0101f1bb","name":"bodymedium2","content":"LALA Yogurt Smoothie, Pecan Cereal","__typename":"ViewFormattedStringSection"}],"__typename":"ViewFormattedString"},"taxStringFormatted":null,"fsaHsaEligibleString":null,"itemTransparentImage":null,"__typename":"ItemsResponseBackedItemSection"},"tags":[],"comboPromotions":[],"nutritionalAttributes":[{"viewSection":{"shortLabelString":"Pro","unitString":"g","valueString":"5","__typename":"ItemsResponseBackedNutritionAttributeSection"},"__typename":"ItemsNutritionAttribute"},{"viewSection":{"shortLabelString":"Fat","unitString":"g","valueString":"1.5","__typename":"ItemsResponseBackedNutritionAttributeSection"},"__typename":"ItemsNutritionAttribute"},{"viewSection":{"shortLabelString":"Sug","unitString":"g","valueString":"16","__typename":"ItemsResponseBackedNutritionAttributeSection"},"__typename":"ItemsNutritionAttribute"},{"viewSection":{"shortLabelString":"Cal","unitString":"","valueString":"130","__typename":"ItemsResponseBackedNutritionAttributeSection"},"__typename":"ItemsNutritionAttribute"}],"__typename":"ItemsItem","price":{"id":"items_40286-19841671","itemId":"items_40286-19841671","debugProperties":{},"viewSection":{"badge":null,"itemCard":{"id":"items_response_backed:c1210550:item_price:3bd20580:item_card","fullPriceString":null,"priceAriaLabelString":"$2.06","pricePerUnitString":null,"priceString":"$2.06","pricingUnitSecondaryString":null,"pricingUnitString":null,"trackingProperties":{"item_card_impression_id":"30346846-fdc3-4739-9010-2313560b856a"},"discountHeaderString":null,"discountSubHeaderString":"off!","priceSuffixString":"","plainFullPriceString":null,"priceScreenReaderString":"Current price: $2.06","fullPriceScreenReaderString":null,"priceBackgroundVariant":"hide","loyaltyProgramVariant":"hide","pricingUnitConvergenceVariant":"variant","badgeVisibilityVariant":"hide","priceStringFormatted":{"id":"95ce5493","sections":[{"id":"e48fdfab","name":"small_currency_symbol","content":"$","__typename":"ViewFormattedStringSection"},{"id":"48d2517b","name":"dollar","content":"2","__typename":"ViewFormattedStringSection"},{"id":"749c3434","name":"cents","content":"06","__typename":"ViewFormattedStringSection"}],"__typename":"ViewFormattedString"},"offerLabelStringFormatted":null,"loyaltyPriceStringFormatted":null,"nonLoyaltyPriceStringFormatted":null,"loyaltyPriceStringPositionVariant":"control","secondaryTopStringFormatted":null,"secondaryBottomStringFormatted":null,"smartDiscountFormattedAttributesString":null,"__typename":"ItemsResponseBackedItemPriceItemCardSection"},"itemDetails":{"dealAppliedLabelString":null,"dealAppliedSoFarMessageString":null,"fullPriceString":null,"mixAndMatchItemsTitleString":"Available Mix \u0026 Match items","mixAndMatchItemsVariant":"hide","priceAriaLabelString":"$2.06","priceEstimateVariant":"hide","pricePerUnitString":"$0.29/fl oz","priceString":"$2.06","pricingUnitSecondaryString":null,"pricingUnitString":null,"saleDisclaimerString":null,"addLoyaltyCardString":null,"loyaltyProgramVariant":"hide","secondaryTopStringFormatted":null,"secondaryBottomStringFormatted":null,"__typename":"ItemsResponseBackedItemPriceItemDetailsSection"},"sizeSelector":null,"fullPriceString":null,"priceString":"$2.06","priceValueString":"2.06","currencySymbolString":"$","trackingProperties":{"item_tasks":[],"on_sale_ind":{"loyalty":false},"price":"$2.06","price_data_source":"legacy","product_id":"19841671"},"__typename":"ItemsResponseBackedItemPriceSection"},"parWeightTotalEstimate":{"id":"557628bd","viewSection":{"parWeightString":null,"__typename":"ItemsResponseBackedParWeightTotalEstimateSection"},"__typename":"ItemsParWeightTotalEstimate"},"greatPrice":null,"__typename":"ItemsItemPrice"}},{"id":"items_40286-20404370","itemLoadId":null,"name":"Yoplait Strawberry Yogurt Smoothie Yogurt Drink, 7 oz, 4-Pack","size":"7 oz","productId":"20404370","legacyId":"1583514757","legacyV3Id":"item_1583514757","configurableProductId":null,"brandName":"yoplait","brandId":"3402","evergreenUrl":"20404370-yoplait-strawberry-smoothie-7-fl-oz","inStoreItemLocation":null,"retailer":{"isUltrafast":false,"__typename":"RetailersRetailer"},"dietary":{"mlDietaryAttributes":null,"mlShoppingAttributes":["pescatarian"],"viewSection":{"attributesString":null,"attributeSections":[],"attributeBadgeImage":null,"__typename":"ItemsResponseBackedDietarySection"},"__typename":"ItemsDietary"},"itemEbt":null,"itemFreshFunds":null,"itemMedicare":null,"productRating":null,"productCanonicalUrl":null,"quantityAttributesEach":{"increment":1,"initial":1,"max":500,"min":1,"quantityType":"each","selectOptions":[1,2,3,4,5,6,7,8,9],"defaultSelectOption":1,"parWeight":null,"viewSection":{"maxedOutString":"Max 500 per order","minReachedString":null,"unitAriaString":"item","unitPluralAriaString":"items","unitPluralString":"ct","unitString":"ct","iconUnitTypeVisibilityVariant":"hide","variableWeightDisclaimerString":null,"variableWeightDisclaimerLongString":null,"totalWeightEstimateTemplateString":null,"totalWeightEstimateTemplatePluralString":null,"parWeightDisplayString":null,"quantityUnitVisibilityVariant":"show","stepperUnitTypeVisibilityVariant":"hide","__typename":"ItemsResponseBackedQuantityAttributesSection"},"__typename":"ItemsQuantityAttributes"},"quantityAttributesWeight":null,"quantityAttributes":{"increment":1,"initial":1,"max":500,"min":1,"quantityType":"each","selectOptions":[1,2,3,4,5,6,7,8,9],"defaultSelectOption":1,"parWeight":null,"viewSection":{"maxedOutString":"Max 500 per order","minReachedString":null,"unitAriaString":"item","unitPluralAriaString":"items","unitPluralString":"ct","unitString":"ct","iconUnitTypeVisibilityVariant":"hide","variableWeightDisclaimerString":null,"variableWeightDisclaimerLongString":null,"totalWeightEstimateTemplateString":null,"totalWeightEstimateTemplatePluralString":null,"parWeightDisplayString":null,"quantityUnitVisibilityVariant":"show","stepperUnitTypeVisibilityVariant":"hide","__typename":"ItemsResponseBackedQuantityAttributesSection"},"__typename":"ItemsQuantityAttributes"},"availability":{"available":true,"stockLevel":"inStock","blackoutTimes":null,"viewSection":{"stockLevelLabelString":"In stock","outOfStockCtaString":null,"similarItemsActionVariant":"none","warningIconImage":null,"__typename":"AvailabilityResponseBackedAvailabilitySection"},"__typename":"ItemsAvailability"},"variantGroup":null,"variantGroupId":null,"variantDimensionValues":[],"viewSection":{"itemImage":{"altText":null,"templateUrl":"https://www.instacart.com/image-server/{width=}x{height=}/filters:fill(FFFFFF,true):format(jpg)/d2lnr5mha7bycj.cloudfront.net/product-image/file/large_6b04cae2-8c84-4df2-9f2d-641576643c8d.png","url":"https://d2lnr5mha7bycj.cloudfront.net/product-image/file/large_6b04cae2-8c84-4df2-9f2d-641576643c8d.png","__typename":"Image"},"trackingProperties":{"availability_score":0.8123,"available_ind":true,"blackout":false,"element_attributes":{"attributes":[],"low_stock_label":false},"element_details":{"element_id":"items_40286-20404370","element_type":"item","item_tags":[],"product_id":"20404370","retailer_id":"1253","retailer_location_id":"40286"},"external_sku_id":null,"item_id":"1583514757","item_name":"Yoplait Strawberry Yogurt Smoothie Yogurt Drink, 7 oz, 4-Pack","itemsview___layouts___itemsresponsebacked___item":"bbaa37d0-2f10-48f2-9fb7-526773705536","low_stock_label":false,"low_stock_variant":"none","on_sale_ind":{"buy_one_get_one":false,"cpg_coupon":false,"on_sale":false,"retailer":false},"product_category_name":"Yogurt Drinks","product_id":"20404370","restricted_for_targeting_and_sharing":false,"stock_level":"in_stock"},"itemCardRatingVariant":"hidden","itemCardQuickAddVariant":"control","itemCardDiscountBadgeVariant":"hide","itemCardLowStockLevelVariant":"visible","itemCardPricePerUnitVariant":"hide","quantityAttributesVariant":"eachAndWeight","hideActionsOnCartItemVariant":"true","itemCardHideQuickAddPriceVariant":"show","itemCardHideSizeVariant":"show","lowStockVariant":"none","boughtXTimesString":null,"requestAddString":null,"servingSizeString":null,"itemString":"Item","retailerReferenceCodeString":null,"retailerLookupCodeString":null,"variantDimensionsString":null,"tastingNotesString":null,"rewardProgramLabelString":null,"nameStringFormatted":{"id":"a5567f23","sections":[{"id":"1faa4028","name":"bodymedium2","content":"Yoplait Strawberry Yogurt Smoothie Yogurt Drink, 7 oz, 4-Pack","__typename":"ViewFormattedStringSection"}],"__typename":"ViewFormattedString"},"taxStringFormatted":null,"fsaHsaEligibleString":null,"itemTransparentImage":null,"__typename":"ItemsResponseBackedItemSection"},"tags":[],"comboPromotions":[],"nutritionalAttributes":[{"viewSection":{"shortLabelString":"Pro","unitString":"g","valueString":"5","__typename":"ItemsResponseBackedNutritionAttributeSection"},"__typename":"ItemsNutritionAttribute"},{"viewSection":{"shortLabelString":"Fat","unitString":"g","valueString":"3","__typename":"ItemsResponseBackedNutritionAttributeSection"},"__typename":"ItemsNutritionAttribute"},{"viewSection":{"shortLabelString":"Sug","unitString":"g","valueString":"21","__typename":"ItemsResponseBackedNutritionAttributeSection"},"__typename":"ItemsNutritionAttribute"},{"viewSection":{"shortLabelString":"Cal","unitString":"","valueString":"140","__typename":"ItemsResponseBackedNutritionAttributeSection"},"__typename":"ItemsNutritionAttribute"}],"__typename":"ItemsItem","price":{"id":"items_40286-20404370","itemId":"items_40286-20404370","debugProperties":{},"viewSection":{"badge":null,"itemCard":{"id":"items_response_backed:04df735a:item_price:3227d504:item_card","fullPriceString":null,"priceAriaLabelString":"$4.85","pricePerUnitString":null,"priceString":"$4.85","pricingUnitSecondaryString":null,"pricingUnitString":null,"trackingProperties":{"item_card_impression_id":"ec6c70ed-23ba-4c9c-aee2-8a6b9ca30d16"},"discountHeaderString":null,"discountSubHeaderString":"off!","priceSuffixString":"","plainFullPriceString":null,"priceScreenReaderString":"Current price: $4.85","fullPriceScreenReaderString":null,"priceBackgroundVariant":"hide","loyaltyProgramVariant":"hide","pricingUnitConvergenceVariant":"variant","badgeVisibilityVariant":"hide","priceStringFormatted":{"id":"12464240","sections":[{"id":"6a4a4329","name":"small_currency_symbol","content":"$","__typename":"ViewFormattedStringSection"},{"id":"b8597242","name":"dollar","content":"4","__typename":"ViewFormattedStringSection"},{"id":"e281dda4","name":"cents","content":"85","__typename":"ViewFormattedStringSection"}],"__typename":"ViewFormattedString"},"offerLabelStringFormatted":null,"loyaltyPriceStringFormatted":null,"nonLoyaltyPriceStringFormatted":null,"loyaltyPriceStringPositionVariant":"control","secondaryTopStringFormatted":null,"secondaryBottomStringFormatted":null,"smartDiscountFormattedAttributesString":null,"__typename":"ItemsResponseBackedItemPriceItemCardSection"},"itemDetails":{"dealAppliedLabelString":null,"dealAppliedSoFarMessageString":null,"fullPriceString":null,"mixAndMatchItemsTitleString":"Available Mix \u0026 Match items","mixAndMatchItemsVariant":"hide","priceAriaLabelString":"$4.85","priceEstimateVariant":"hide","pricePerUnitString":"$0.17/oz","priceString":"$4.85","pricingUnitSecondaryString":null,"pricingUnitString":null,"saleDisclaimerString":null,"addLoyaltyCardString":null,"loyaltyProgramVariant":"hide","secondaryTopStringFormatted":null,"secondaryBottomStringFormatted":null,"__typename":"ItemsResponseBackedItemPriceItemDetailsSection"},"sizeSelector":null,"fullPriceString":null,"priceString":"$4.85","priceValueString":"4.85","currencySymbolString":"$","trackingProperties":{"item_tasks":[],"on_sale_ind":{"loyalty":false},"price":"$4.85","price_data_source":"legacy","product_id":"20404370"},"__typename":"ItemsResponseBackedItemPriceSection"},"parWeightTotalEstimate":{"id":"22978533","viewSection":{"parWeightString":null,"__typename":"ItemsResponseBackedParWeightTotalEstimateSection"},"__typename":"ItemsParWeightTotalEstimate"},"greatPrice":null,"__typename":"ItemsItemPrice"}},{"id":"items_40286-20397059","itemLoadId":null,"name":"Yoplait Pina Colada Smoothie","size":"7 fl oz","productId":"20397059","legacyId":"1431104216","legacyV3Id":"item_1431104216","configurableProductId":null,"brandName":"yoplait","brandId":"3402","evergreenUrl":"20397059-yoplait-pina-colada-smoothie-7-fl-oz","inStoreItemLocation":null,"retailer":{"isUltrafast":false,"__typename":"RetailersRetailer"},"dietary":{"mlDietaryAttributes":null,"mlShoppingAttributes":["pescatarian"],"viewSection":{"attributesString":null,"attributeSections":[],"attributeBadgeImage":null,"__typename":"ItemsResponseBackedDietarySection"},"__typename":"ItemsDietary"},"itemEbt":null,"itemFreshFunds":null,"itemMedicare":null,"productRating":null,"productCanonicalUrl":null,"quantityAttributesEach":{"increment":1,"initial":1,"max":500,"min":1,"quantityType":"each","selectOptions":[1,2,3,4,5,6,7,8,9],"defaultSelectOption":1,"parWeight":null,"viewSection":{"maxedOutString":"Max 500 per order","minReachedString":null,"unitAriaString":"item","unitPluralAriaString":"items","unitPluralString":"ct","unitString":"ct","iconUnitTypeVisibilityVariant":"hide","variableWeightDisclaimerString":null,"variableWeightDisclaimerLongString":null,"totalWeightEstimateTemplateString":null,"totalWeightEstimateTemplatePluralString":null,"parWeightDisplayString":null,"quantityUnitVisibilityVariant":"show","stepperUnitTypeVisibilityVariant":"hide","__typename":"ItemsResponseBackedQuantityAttributesSection"},"__typename":"ItemsQuantityAttributes"},"quantityAttributesWeight":null,"quantityAttributes":{"increment":1,"initial":1,"max":500,"min":1,"quantityType":"each","selectOptions":[1,2,3,4,5,6,7,8,9],"defaultSelectOption":1,"parWeight":null,"viewSection":{"maxedOutString":"Max 500 per order","minReachedString":null,"unitAriaString":"item","unitPluralAriaString":"items","unitPluralString":"ct","unitString":"ct","iconUnitTypeVisibilityVariant":"hide","variableWeightDisclaimerString":null,"variableWeightDisclaimerLongString":null,"totalWeightEstimateTemplateString":null,"totalWeightEstimateTemplatePluralString":null,"parWeightDisplayString":null,"quantityUnitVisibilityVariant":"show","stepperUnitTypeVisibilityVariant":"hide","__typename":"ItemsResponseBackedQuantityAttributesSection"},"__typename":"ItemsQuantityAttributes"},"availability":{"available":true,"stockLevel":"inStock","blackoutTimes":null,"viewSection":{"stockLevelLabelString":"In stock","outOfStockCtaString":null,"similarItemsActionVariant":"none","warningIconImage":null,"__typename":"AvailabilityResponseBackedAvailabilitySection"},"__typename":"ItemsAvailability"},"variantGroup":null,"variantGroupId":null,"variantDimensionValues":[],"viewSection":{"itemImage":{"altText":null,"templateUrl":"https://www.instacart.com/image-server/{width=}x{height=}/filters:fill(FFFFFF,true):format(jpg)/d2lnr5mha7bycj.cloudfront.net/product-image/file/large_3901e617-5539-4d95-84c3-232fbe224203.png","url":"https://d2lnr5mha7bycj.cloudfront.net/product-image/file/large_3901e617-5539-4d95-84c3-232fbe224203.png","__typename":"Image"},"trackingProperties":{"availability_score":0.7645,"available_ind":true,"blackout":false,"element_attributes":{"attributes":[],"low_stock_label":false},"element_details":{"element_id":"items_40286-20397059","element_type":"item","item_tags":[],"product_id":"20397059","retailer_id":"1253","retailer_location_id":"40286"},"external_sku_id":null,"item_id":"1431104216","item_name":"Yoplait Pina Colada Smoothie","itemsview___layouts___itemsresponsebacked___item":"1c088170-9db1-446a-a9d3-8f76d256c0ef","low_stock_label":false,"low_stock_variant":"none","on_sale_ind":{"buy_one_get_one":false,"cpg_coupon":false,"on_sale":false,"retailer":false},"product_category_name":"Yogurt Drinks","product_id":"20397059","restricted_for_targeting_and_sharing":false,"stock_level":"in_stock"},"itemCardRatingVariant":"hidden","itemCardQuickAddVariant":"control","itemCardDiscountBadgeVariant":"hide","itemCardLowStockLevelVariant":"visible","itemCardPricePerUnitVariant":"hide","quantityAttributesVariant":"eachAndWeight","hideActionsOnCartItemVariant":"true","itemCardHideQuickAddPriceVariant":"show","itemCardHideSizeVariant":"show","lowStockVariant":"none","boughtXTimesString":null,"requestAddString":null,"servingSizeString":null,"itemString":"Item","retailerReferenceCodeString":null,"retailerLookupCodeString":null,"variantDimensionsString":null,"tastingNotesString":null,"rewardProgramLabelString":null,"nameStringFormatted":{"id":"5cae65c8","sections":[{"id":"4d722473","name":"bodymedium2","content":"Yoplait Pina Colada Smoothie","__typename":"ViewFormattedStringSection"}],"__typename":"ViewFormattedString"},"taxStringFormatted":null,"fsaHsaEligibleString":null,"itemTransparentImage":null,"__typename":"ItemsResponseBackedItemSection"},"tags":[],"comboPromotions":[],"nutritionalAttributes":[{"viewSection":{"shortLabelString":"Pro","unitString":"g","valueString":"5","__typename":"ItemsResponseBackedNutritionAttributeSection"},"__typename":"ItemsNutritionAttribute"},{"viewSection":{"shortLabelString":"Fat","unitString":"g","valueString":"3","__typename":"ItemsResponseBackedNutritionAttributeSection"},"__typename":"ItemsNutritionAttribute"},{"viewSection":{"shortLabelString":"Sug","unitString":"g","valueString":"18","__typename":"ItemsResponseBackedNutritionAttributeSection"},"__typename":"ItemsNutritionAttribute"},{"viewSection":{"shortLabelString":"Cal","unitString":"","valueString":"130","__typename":"ItemsResponseBackedNutritionAttributeSection"},"__typename":"ItemsNutritionAttribute"}],"__typename":"ItemsItem","price":{"id":"items_40286-20397059","itemId":"items_40286-20397059","debugProperties":{},"viewSection":{"badge":null,"itemCard":{"id":"items_response_backed:d268c882:item_price:e238124a:item_card","fullPriceString":null,"priceAriaLabelString":"$1.45","pricePerUnitString":null,"priceString":"$1.45","pricingUnitSecondaryString":null,"pricingUnitString":null,"trackingProperties":{"item_card_impression_id":"8c5e2523-3556-4dcd-aac5-cdcd59157349"},"discountHeaderString":null,"discountSubHeaderString":"off!","priceSuffixString":"","plainFullPriceString":null,"priceScreenReaderString":"Current price: $1.45","fullPriceScreenReaderString":null,"priceBackgroundVariant":"hide","loyaltyProgramVariant":"hide","pricingUnitConvergenceVariant":"variant","badgeVisibilityVariant":"hide","priceStringFormatted":{"id":"a3f155c3","sections":[{"id":"547a1ad5","name":"small_currency_symbol","content":"$","__typename":"ViewFormattedStringSection"},{"id":"e230b994","name":"dollar","content":"1","__typename":"ViewFormattedStringSection"},{"id":"95c3dc81","name":"cents","content":"45","__typename":"ViewFormattedStringSection"}],"__typename":"ViewFormattedString"},"offerLabelStringFormatted":null,"loyaltyPriceStringFormatted":null,"nonLoyaltyPriceStringFormatted":null,"loyaltyPriceStringPositionVariant":"control","secondaryTopStringFormatted":null,"secondaryBottomStringFormatted":null,"smartDiscountFormattedAttributesString":null,"__typename":"ItemsResponseBackedItemPriceItemCardSection"},"itemDetails":{"dealAppliedLabelString":null,"dealAppliedSoFarMessageString":null,"fullPriceString":null,"mixAndMatchItemsTitleString":"Available Mix \u0026 Match items","mixAndMatchItemsVariant":"hide","priceAriaLabelString":"$1.45","priceEstimateVariant":"hide","pricePerUnitString":"$0.21/fl oz","priceString":"$1.45","pricingUnitSecondaryString":null,"pricingUnitString":null,"saleDisclaimerString":null,"addLoyaltyCardString":null,"loyaltyProgramVariant":"hide","secondaryTopStringFormatted":null,"secondaryBottomStringFormatted":null,"__typename":"ItemsResponseBackedItemPriceItemDetailsSection"},"sizeSelector":null,"fullPriceString":null,"priceString":"$1.45","priceValueString":"1.45","currencySymbolString":"$","trackingProperties":{"item_tasks":[],"on_sale_ind":{"loyalty":false},"price":"$1.45","price_data_source":"legacy","product_id":"20397059"},"__typename":"ItemsResponseBackedItemPriceSection"},"parWeightTotalEstimate":{"id":"6d22c030","viewSection":{"parWeightString":null,"__typename":"ItemsResponseBackedParWeightTotalEstimateSection"},"__typename":"ItemsParWeightTotalEstimate"},"greatPrice":null,"__typename":"ItemsItemPrice"}}]}}]]></response>
    <comment></comment>
  </item>
  <item>
    <time>Fri Sep 05 13:46:24 CDT 2025</time>
    <url><![CDATA[https://lamichoacanameatmarket.instacart.com/graphql?operationName=Items&variables=%7B%22ids%22%3A%5B%22items_40286-3415797%22%2C%22items_40286-21164817%22%2C%22items_40286-21165144%22%2C%22items_40286-280799%22%2C%22items_40286-250491%22%2C%22items_40286-253274%22%2C%22items_40286-5628%22%2C%22items_40286-35484%22%2C%22items_40286-21163641%22%2C%22items_40286-16715189%22%5D%2C%22shopId%22%3A%2253963%22%2C%22zoneId%22%3A%2293%22%2C%22postalCode%22%3A%2277084%22%7D&extensions=%7B%22persistedQuery%22%3A%7B%22version%22%3A1%2C%22sha256Hash%22%3A%226474c319c75c5357b0a4f646e1d3a01dd805c5fd917d7a90906ecb84a1bad8b1%22%7D%7D]]></url>
    <host ip="104.18.41.34">lamichoacanameatmarket.instacart.com</host>
    <port>443</port>
    <protocol>https</protocol>
    <method><![CDATA[GET]]></method>
    <path><![CDATA[/graphql?operationName=Items&variables=%7B%22ids%22%3A%5B%22items_40286-3415797%22%2C%22items_40286-21164817%22%2C%22items_40286-21165144%22%2C%22items_40286-280799%22%2C%22items_40286-250491%22%2C%22items_40286-253274%22%2C%22items_40286-5628%22%2C%22items_40286-35484%22%2C%22items_40286-21163641%22%2C%22items_40286-16715189%22%5D%2C%22shopId%22%3A%2253963%22%2C%22zoneId%22%3A%2293%22%2C%22postalCode%22%3A%2277084%22%7D&extensions=%7B%22persistedQuery%22%3A%7B%22version%22%3A1%2C%22sha256Hash%22%3A%226474c319c75c5357b0a4f646e1d3a01dd805c5fd917d7a90906ecb84a1bad8b1%22%7D%7D]]></path>
    <extension>null</extension>
    <request base64="false"><![CDATA[GET /graphql?operationName=Items&variables=%7B%22ids%22%3A%5B%22items_40286-3415797%22%2C%22items_40286-21164817%22%2C%22items_40286-21165144%22%2C%22items_40286-280799%22%2C%22items_40286-250491%22%2C%22items_40286-253274%22%2C%22items_40286-5628%22%2C%22items_40286-35484%22%2C%22items_40286-21163641%22%2C%22items_40286-16715189%22%5D%2C%22shopId%22%3A%2253963%22%2C%22zoneId%22%3A%2293%22%2C%22postalCode%22%3A%2277084%22%7D&extensions=%7B%22persistedQuery%22%3A%7B%22version%22%3A1%2C%22sha256Hash%22%3A%226474c319c75c5357b0a4f646e1d3a01dd805c5fd917d7a90906ecb84a1bad8b1%22%7D%7D HTTP/2
Host: lamichoacanameatmarket.instacart.com
Cookie: ajs_anonymous_id=ea2155a8-97ff-4b0e-b45e-39cf0739f40e; fpc_bpm=6c408fe3-8b36-4eb3-845158ee784ea186; _gcl_au=1.1.2092369738.1757096439; _scid=fThUJkdGap-1v9ZjbqZqSXFNEKdvn5uL; _sctr=1%7C1757048400000; _ga_VL5WVTXMWP=GS2.1.s1757097305$o1$g1$t1757097519$j13$l0$h0; _ga=GA1.1.206219771.1757097305; _ga_TS6NTR6J66=GS2.1.s1757097305$o1$g0$t1757097308$j57$l0$h0; shoppers_instacart_session=ZjJBblo0ODN4cW9WTDRhYmZ1MTFiNUtKeiswKy9Pa1VITGFHUXJMK2ROemk0RDJtUUJTcUtJQi9kZzYrK3NVWms1VHpqaXNYSXJacHp0c3BSaWZ5S0FqMVZrdnVwTU9QbEVyNkYxTDJyazhtQWZ6cmdYSU1odkZORG1PZGI4eUoxZHpvL3dFRyttOUxjS0tMSlRsaER3PT0tLU9pRSs5RWJKRWovYTlUSkJIajcwWWc9PQ%3D%3D--a284366cb4b21bf28cb51803cf47037da3a143fd; _ga_7JY7T788PK=GS2.1.s1757097523$o1$g1$t1757097603$j60$l0$h0; ahoy_visit=c99e7a2d-9d40-49cb-b4e2-6e639fe6cc2e; ahoy_visitor=4bf6fbc6-dd1e-46fb-80b3-348b38a425ad; __cf_bm=kITVkaBd39DAgq3Fr0jswHrvswXPz0F1mwgCjJucYyU-1757097636-1.0.1.1-0wLLpGm.7Lc755LxYKGa8XHRxrFB1FlrtrhfoXb_3eQEw_PxcU4PpSHh6cSD1y3e1ERxSARRs_hcYeAu1SOpGK3yvDbO1ov49PUj8nwwciA; build_sha=c27e69482ce558c6064666550c97cc2e857c996e; accessibleColorsEnabled=false; forterToken=f7fe3fe0a0154968b2655c5e926e2edf_1757097973894__UDF43-m4_24ck_; _scid_r=jLhUJkdGap-1v9ZjbqZqSXFNEKdvn5uLKZ53jg; _uetsid=06cf2b608a8511f087a3e9c9c9f94d50; _uetvid=06cf13508a8511f0b6648300830ef8b5; __Host-instacart_sid=v2.3fafb1b29cb3d0.9DmSwvi6sF0lcqedks9OtrwE9nBpcA-xpzM16fy8sOM; known_visitor=%7Cadelheidsalmon%40somoj.com%7Cemail_code; X-IC-bcx=1; aws-waf-token=a338d369-ef0a-49cc-a2f4-d8fb10e9df1c:EQoAjv+CilH2AAAA:JjgTyKY3qmSddHHXgyvPXPUL7h6DqNdVGaqcquM9VjzAGjo8RE8q0DpqX+RPVQkVhbW9huD/OhCr6SgrU1hLK5zInhA1q0dRdg5Fp4/JQaA+yYxiA3V3uuzb+8IHTgAn0Fi6zgCs3XVc/YJ/V8Ssn6xlu2XeM+Mrs+NGEW82a8pC+qrCCnMltd25xyCq0ino30wJ3w15Fbmy659bKhnnPMeZSQfw; _dd_s=logs=0&expire=1757098874705; ajs_user_id=17926101273457616
User-Agent: Mozilla/5.0 (X11; Linux x86_64; rv:128.0) Gecko/20100101 Firefox/128.0
Accept: */*
Accept-Language: en-US,en;q=0.5
Accept-Encoding: gzip, deflate, br
Referer: https://lamichoacanameatmarket.instacart.com/store/la-michoacana-meat-market/storefront
Content-Type: application/json
X-Client-Identifier: web
X-Page-View-Id: b312d70a-ee4e-5434-b023-b90f4d4f4d2c
X-Ic-View-Layer: true
Sec-Fetch-Dest: empty
Sec-Fetch-Mode: cors
Sec-Fetch-Site: same-origin
Priority: u=4
Te: trailers

]]></request>
    <status>200</status>
    <responselength>81025</responselength>
    <mimetype>JSON</mimetype>
    <response base64="false"><![CDATA[HTTP/2 200 OK
Date: Fri, 05 Sep 2025 18:46:24 GMT
Content-Type: application/json
Cache-Control: no-store
Ic-Request-Id: 6e836cec-150f-40da-aa2a-a40c94d13ef1
Server-Timing: runtime;desc="Application Runtime";dur=215, requestId;desc="6e836cec-150f-40da-aa2a-a40c94d13ef1";dur=0
X-Request-Id: 6e836cec-150f-40da-aa2a-a40c94d13ef1
Strict-Transport-Security: max-age=31536000; includeSubDomains; preload
Vary: accept-encoding
Cf-Cache-Status: DYNAMIC
X-Content-Type-Options: nosniff
Server: cloudflare
Cf-Ray: 97a7e3a1e9cf5bce-TUN
Alt-Svc: h3=":443"; ma=86400

{"data":{"items":[{"id":"items_40286-3415797","itemLoadId":null,"name":"Bimbo  Conchas, 2 count, Vanilla Fine Pastry","size":"4.23 oz","productId":"3415797","legacyId":"1429837428","legacyV3Id":"item_1429837428","configurableProductId":null,"brandName":"bimbo ","brandId":"280068","evergreenUrl":"3415797-bimbo-conchas-fine-pastry-4-2-oz","inStoreItemLocation":null,"retailer":{"isUltrafast":false,"__typename":"RetailersRetailer"},"dietary":{"mlDietaryAttributes":null,"mlShoppingAttributes":["pescatarian"],"viewSection":{"attributesString":null,"attributeSections":[],"attributeBadgeImage":null,"__typename":"ItemsResponseBackedDietarySection"},"__typename":"ItemsDietary"},"itemEbt":null,"itemFreshFunds":null,"itemMedicare":null,"productRating":null,"productCanonicalUrl":null,"quantityAttributesEach":{"increment":1,"initial":1,"max":500,"min":1,"quantityType":"each","selectOptions":[1,2,3,4,5,6,7,8,9],"defaultSelectOption":1,"parWeight":null,"viewSection":{"maxedOutString":"Max 500 per order","minReachedString":null,"unitAriaString":"item","unitPluralAriaString":"items","unitPluralString":"ct","unitString":"ct","iconUnitTypeVisibilityVariant":"hide","variableWeightDisclaimerString":null,"variableWeightDisclaimerLongString":null,"totalWeightEstimateTemplateString":null,"totalWeightEstimateTemplatePluralString":null,"parWeightDisplayString":null,"quantityUnitVisibilityVariant":"show","stepperUnitTypeVisibilityVariant":"hide","__typename":"ItemsResponseBackedQuantityAttributesSection"},"__typename":"ItemsQuantityAttributes"},"quantityAttributesWeight":null,"quantityAttributes":{"increment":1,"initial":1,"max":500,"min":1,"quantityType":"each","selectOptions":[1,2,3,4,5,6,7,8,9],"defaultSelectOption":1,"parWeight":null,"viewSection":{"maxedOutString":"Max 500 per order","minReachedString":null,"unitAriaString":"item","unitPluralAriaString":"items","unitPluralString":"ct","unitString":"ct","iconUnitTypeVisibilityVariant":"hide","variableWeightDisclaimerString":null,"variableWeightDisclaimerLongString":null,"totalWeightEstimateTemplateString":null,"totalWeightEstimateTemplatePluralString":null,"parWeightDisplayString":null,"quantityUnitVisibilityVariant":"show","stepperUnitTypeVisibilityVariant":"hide","__typename":"ItemsResponseBackedQuantityAttributesSection"},"__typename":"ItemsQuantityAttributes"},"availability":{"available":true,"stockLevel":"inStock","blackoutTimes":null,"viewSection":{"stockLevelLabelString":"In stock","outOfStockCtaString":null,"similarItemsActionVariant":"none","warningIconImage":null,"__typename":"AvailabilityResponseBackedAvailabilitySection"},"__typename":"ItemsAvailability"},"variantGroup":null,"variantGroupId":null,"variantDimensionValues":[],"viewSection":{"itemImage":{"altText":null,"templateUrl":"https://www.instacart.com/image-server/{width=}x{height=}/filters:fill(FFFFFF,true):format(jpg)/d2lnr5mha7bycj.cloudfront.net/product-image/file/large_9c03aeb8-76ad-478d-973e-3b3fb613708f.png","url":"https://d2lnr5mha7bycj.cloudfront.net/product-image/file/large_9c03aeb8-76ad-478d-973e-3b3fb613708f.png","__typename":"Image"},"trackingProperties":{"availability_score":0.8055,"available_ind":true,"blackout":false,"element_attributes":{"attributes":[],"low_stock_label":false},"element_details":{"element_id":"items_40286-3415797","element_type":"item","item_tags":[],"product_id":"3415797","retailer_id":"1253","retailer_location_id":"40286"},"external_sku_id":null,"item_id":"1429837428","item_name":"Bimbo  Conchas, 2 count, Vanilla Fine Pastry","itemsview___layouts___itemsresponsebacked___item":"8f3e25e8-b6c4-4860-9cd2-b5112448c95b","low_stock_label":false,"low_stock_variant":"none","on_sale_ind":{"buy_one_get_one":false,"cpg_coupon":false,"on_sale":false,"retailer":false},"product_category_name":"Other Packaged Treats","product_id":"3415797","restricted_for_targeting_and_sharing":false,"stock_level":"in_stock"},"itemCardRatingVariant":"hidden","itemCardQuickAddVariant":"control","itemCardDiscountBadgeVariant":"hide","itemCardLowStockLevelVariant":"visible","itemCardPricePerUnitVariant":"hide","quantityAttributesVariant":"eachAndWeight","hideActionsOnCartItemVariant":"true","itemCardHideQuickAddPriceVariant":"show","itemCardHideSizeVariant":"show","lowStockVariant":"none","boughtXTimesString":null,"requestAddString":null,"servingSizeString":null,"itemString":"Item","retailerReferenceCodeString":null,"retailerLookupCodeString":null,"variantDimensionsString":null,"tastingNotesString":null,"rewardProgramLabelString":null,"nameStringFormatted":{"id":"c26e8019","sections":[{"id":"3020c51d","name":"bodymedium2","content":"Bimbo  Conchas, 2 count, Vanilla Fine Pastry","__typename":"ViewFormattedStringSection"}],"__typename":"ViewFormattedString"},"taxStringFormatted":null,"fsaHsaEligibleString":null,"itemTransparentImage":null,"__typename":"ItemsResponseBackedItemSection"},"tags":[],"comboPromotions":[],"nutritionalAttributes":[{"viewSection":{"shortLabelString":"Sod","unitString":"mg","valueString":"150","__typename":"ItemsResponseBackedNutritionAttributeSection"},"__typename":"ItemsNutritionAttribute"},{"viewSection":{"shortLabelString":"Sug","unitString":"g","valueString":"10","__typename":"ItemsResponseBackedNutritionAttributeSection"},"__typename":"ItemsNutritionAttribute"},{"viewSection":{"shortLabelString":"Fat","unitString":"g","valueString":"9","__typename":"ItemsResponseBackedNutritionAttributeSection"},"__typename":"ItemsNutritionAttribute"},{"viewSection":{"shortLabelString":"Cal","unitString":"","valueString":"230","__typename":"ItemsResponseBackedNutritionAttributeSection"},"__typename":"ItemsNutritionAttribute"}],"__typename":"ItemsItem","price":{"id":"items_40286-3415797","itemId":"items_40286-3415797","debugProperties":{},"viewSection":{"badge":null,"itemCard":{"id":"items_response_backed:969f594a:item_price:f3c846bb:item_card","fullPriceString":null,"priceAriaLabelString":"$2.42","pricePerUnitString":null,"priceString":"$2.42","pricingUnitSecondaryString":null,"pricingUnitString":"4.23 oz","trackingProperties":{"item_card_impression_id":"d8cecb8c-740a-4e94-8442-cabcf24fa02b"},"discountHeaderString":null,"discountSubHeaderString":"off!","priceSuffixString":"","plainFullPriceString":null,"priceScreenReaderString":"Current price: $2.42","fullPriceScreenReaderString":null,"priceBackgroundVariant":"hide","loyaltyProgramVariant":"hide","pricingUnitConvergenceVariant":"variant","badgeVisibilityVariant":"hide","priceStringFormatted":{"id":"6516f30d","sections":[{"id":"aebbd03d","name":"small_currency_symbol","content":"$","__typename":"ViewFormattedStringSection"},{"id":"4ab6d92c","name":"dollar","content":"2","__typename":"ViewFormattedStringSection"},{"id":"302b2267","name":"cents","content":"42","__typename":"ViewFormattedStringSection"}],"__typename":"ViewFormattedString"},"offerLabelStringFormatted":null,"loyaltyPriceStringFormatted":null,"nonLoyaltyPriceStringFormatted":null,"loyaltyPriceStringPositionVariant":"control","secondaryTopStringFormatted":null,"secondaryBottomStringFormatted":null,"smartDiscountFormattedAttributesString":null,"__typename":"ItemsResponseBackedItemPriceItemCardSection"},"itemDetails":{"dealAppliedLabelString":null,"dealAppliedSoFarMessageString":null,"fullPriceString":null,"mixAndMatchItemsTitleString":"Available Mix \u0026 Match items","mixAndMatchItemsVariant":"hide","priceAriaLabelString":"$2.42","priceEstimateVariant":"hide","pricePerUnitString":"$0.57/oz","priceString":"$2.42","pricingUnitSecondaryString":null,"pricingUnitString":"4.23 oz","saleDisclaimerString":null,"addLoyaltyCardString":null,"loyaltyProgramVariant":"hide","secondaryTopStringFormatted":null,"secondaryBottomStringFormatted":null,"__typename":"ItemsResponseBackedItemPriceItemDetailsSection"},"sizeSelector":null,"fullPriceString":null,"priceString":"$2.42","priceValueString":"2.42","currencySymbolString":"$","trackingProperties":{"item_tasks":[],"on_sale_ind":{"loyalty":false},"price":"$2.42","price_data_source":"legacy","product_id":"3415797"},"__typename":"ItemsResponseBackedItemPriceSection"},"parWeightTotalEstimate":{"id":"c39139b6","viewSection":{"parWeightString":null,"__typename":"ItemsResponseBackedParWeightTotalEstimateSection"},"__typename":"ItemsParWeightTotalEstimate"},"greatPrice":null,"__typename":"ItemsItemPrice"}},{"id":"items_40286-21164817","itemLoadId":null,"name":"El Venado Chicharron De Harina Rueda","size":"16 oz","productId":"21164817","legacyId":"1439504914","legacyV3Id":"item_1439504914","configurableProductId":null,"brandName":"el venado","brandId":"316732","evergreenUrl":"21164817-el-venado-chicharron-de-harina-rueda-16-oz","inStoreItemLocation":null,"retailer":{"isUltrafast":false,"__typename":"RetailersRetailer"},"dietary":{"mlDietaryAttributes":null,"mlShoppingAttributes":[],"viewSection":{"attributesString":null,"attributeSections":[],"attributeBadgeImage":null,"__typename":"ItemsResponseBackedDietarySection"},"__typename":"ItemsDietary"},"itemEbt":null,"itemFreshFunds":null,"itemMedicare":null,"productRating":null,"productCanonicalUrl":null,"quantityAttributesEach":{"increment":1,"initial":1,"max":500,"min":1,"quantityType":"each","selectOptions":[1,2,3,4,5,6,7,8,9],"defaultSelectOption":1,"parWeight":null,"viewSection":{"maxedOutString":"Max 500 per order","minReachedString":null,"unitAriaString":"item","unitPluralAriaString":"items","unitPluralString":"ct","unitString":"ct","iconUnitTypeVisibilityVariant":"hide","variableWeightDisclaimerString":null,"variableWeightDisclaimerLongString":null,"totalWeightEstimateTemplateString":null,"totalWeightEstimateTemplatePluralString":null,"parWeightDisplayString":null,"quantityUnitVisibilityVariant":"show","stepperUnitTypeVisibilityVariant":"hide","__typename":"ItemsResponseBackedQuantityAttributesSection"},"__typename":"ItemsQuantityAttributes"},"quantityAttributesWeight":null,"quantityAttributes":{"increment":1,"initial":1,"max":500,"min":1,"quantityType":"each","selectOptions":[1,2,3,4,5,6,7,8,9],"defaultSelectOption":1,"parWeight":null,"viewSection":{"maxedOutString":"Max 500 per order","minReachedString":null,"unitAriaString":"item","unitPluralAriaString":"items","unitPluralString":"ct","unitString":"ct","iconUnitTypeVisibilityVariant":"hide","variableWeightDisclaimerString":null,"variableWeightDisclaimerLongString":null,"totalWeightEstimateTemplateString":null,"totalWeightEstimateTemplatePluralString":null,"parWeightDisplayString":null,"quantityUnitVisibilityVariant":"show","stepperUnitTypeVisibilityVariant":"hide","__typename":"ItemsResponseBackedQuantityAttributesSection"},"__typename":"ItemsQuantityAttributes"},"availability":{"available":true,"stockLevel":"inStock","blackoutTimes":null,"viewSection":{"stockLevelLabelString":"In stock","outOfStockCtaString":null,"similarItemsActionVariant":"none","warningIconImage":null,"__typename":"AvailabilityResponseBackedAvailabilitySection"},"__typename":"ItemsAvailability"},"variantGroup":null,"variantGroupId":null,"variantDimensionValues":[],"viewSection":{"itemImage":{"altText":null,"templateUrl":"https://www.instacart.com/image-server/{width=}x{height=}/filters:fill(FFFFFF,true):format(jpg)/d2lnr5mha7bycj.cloudfront.net/product-image/file/large_04ce5b55-2624-4507-b205-1ef1702f9e77.jpg","url":"https://d2lnr5mha7bycj.cloudfront.net/product-image/file/large_04ce5b55-2624-4507-b205-1ef1702f9e77.jpg","__typename":"Image"},"trackingProperties":{"availability_score":0.8344,"available_ind":true,"blackout":false,"element_attributes":{"attributes":[],"low_stock_label":false},"element_details":{"element_id":"items_40286-21164817","element_type":"item","item_tags":[],"product_id":"21164817","retailer_id":"1253","retailer_location_id":"40286"},"external_sku_id":null,"item_id":"1439504914","item_name":"El Venado Chicharron De Harina Rueda","itemsview___layouts___itemsresponsebacked___item":"5478e514-9094-47fd-a51e-5ba3211d4513","low_stock_label":false,"low_stock_variant":"none","on_sale_ind":{"buy_one_get_one":false,"cpg_coupon":false,"on_sale":false,"retailer":false},"product_category_name":"Pork Rinds","product_id":"21164817","restricted_for_targeting_and_sharing":false,"stock_level":"in_stock"},"itemCardRatingVariant":"hidden","itemCardQuickAddVariant":"control","itemCardDiscountBadgeVariant":"hide","itemCardLowStockLevelVariant":"visible","itemCardPricePerUnitVariant":"hide","quantityAttributesVariant":"eachAndWeight","hideActionsOnCartItemVariant":"true","itemCardHideQuickAddPriceVariant":"show","itemCardHideSizeVariant":"show","lowStockVariant":"none","boughtXTimesString":null,"requestAddString":null,"servingSizeString":null,"itemString":"Item","retailerReferenceCodeString":null,"retailerLookupCodeString":null,"variantDimensionsString":null,"tastingNotesString":null,"rewardProgramLabelString":null,"nameStringFormatted":{"id":"c771e7d7","sections":[{"id":"795aea08","name":"bodymedium2","content":"El Venado Chicharron De Harina Rueda","__typename":"ViewFormattedStringSection"}],"__typename":"ViewFormattedString"},"taxStringFormatted":null,"fsaHsaEligibleString":null,"itemTransparentImage":null,"__typename":"ItemsResponseBackedItemSection"},"tags":[],"comboPromotions":[],"nutritionalAttributes":null,"__typename":"ItemsItem","price":{"id":"items_40286-21164817","itemId":"items_40286-21164817","debugProperties":{},"viewSection":{"badge":null,"itemCard":{"id":"items_response_backed:f02c1987:item_price:bda6d2b7:item_card","fullPriceString":null,"priceAriaLabelString":"$2.91","pricePerUnitString":null,"priceString":"$2.91","pricingUnitSecondaryString":null,"pricingUnitString":"16 oz","trackingProperties":{"item_card_impression_id":"aed6fecc-9757-4fe8-a5d9-b922deed6a17"},"discountHeaderString":null,"discountSubHeaderString":"off!","priceSuffixString":"","plainFullPriceString":null,"priceScreenReaderString":"Current price: $2.91","fullPriceScreenReaderString":null,"priceBackgroundVariant":"hide","loyaltyProgramVariant":"hide","pricingUnitConvergenceVariant":"variant","badgeVisibilityVariant":"hide","priceStringFormatted":{"id":"fa3a4c8e","sections":[{"id":"551276d4","name":"small_currency_symbol","content":"$","__typename":"ViewFormattedStringSection"},{"id":"4d9dd2cf","name":"dollar","content":"2","__typename":"ViewFormattedStringSection"},{"id":"744ac74d","name":"cents","content":"91","__typename":"ViewFormattedStringSection"}],"__typename":"ViewFormattedString"},"offerLabelStringFormatted":null,"loyaltyPriceStringFormatted":null,"nonLoyaltyPriceStringFormatted":null,"loyaltyPriceStringPositionVariant":"control","secondaryTopStringFormatted":null,"secondaryBottomStringFormatted":null,"smartDiscountFormattedAttributesString":null,"__typename":"ItemsResponseBackedItemPriceItemCardSection"},"itemDetails":{"dealAppliedLabelString":null,"dealAppliedSoFarMessageString":null,"fullPriceString":null,"mixAndMatchItemsTitleString":"Available Mix \u0026 Match items","mixAndMatchItemsVariant":"hide","priceAriaLabelString":"$2.91","priceEstimateVariant":"hide","pricePerUnitString":"$0.18/oz","priceString":"$2.91","pricingUnitSecondaryString":null,"pricingUnitString":"16 oz","saleDisclaimerString":null,"addLoyaltyCardString":null,"loyaltyProgramVariant":"hide","secondaryTopStringFormatted":null,"secondaryBottomStringFormatted":null,"__typename":"ItemsResponseBackedItemPriceItemDetailsSection"},"sizeSelector":null,"fullPriceString":null,"priceString":"$2.91","priceValueString":"2.91","currencySymbolString":"$","trackingProperties":{"item_tasks":[],"on_sale_ind":{"loyalty":false},"price":"$2.91","price_data_source":"legacy","product_id":"21164817"},"__typename":"ItemsResponseBackedItemPriceSection"},"parWeightTotalEstimate":{"id":"05c0c2f0","viewSection":{"parWeightString":null,"__typename":"ItemsResponseBackedParWeightTotalEstimateSection"},"__typename":"ItemsParWeightTotalEstimate"},"greatPrice":null,"__typename":"ItemsItemPrice"}},{"id":"items_40286-21165144","itemLoadId":null,"name":"La Campera Tortilla Chips","size":"1.5 lb","productId":"21165144","legacyId":"1439558874","legacyV3Id":"item_1439558874","configurableProductId":null,"brandName":"la campera","brandId":"395604","evergreenUrl":"21165144-la-campera-tortilla-chips-1-5-lb","inStoreItemLocation":null,"retailer":{"isUltrafast":false,"__typename":"RetailersRetailer"},"dietary":{"mlDietaryAttributes":null,"mlShoppingAttributes":[],"viewSection":{"attributesString":null,"attributeSections":[],"attributeBadgeImage":null,"__typename":"ItemsResponseBackedDietarySection"},"__typename":"ItemsDietary"},"itemEbt":null,"itemFreshFunds":null,"itemMedicare":null,"productRating":null,"productCanonicalUrl":null,"quantityAttributesEach":{"increment":1,"initial":1,"max":500,"min":1,"quantityType":"each","selectOptions":[1,2,3,4,5,6,7,8,9],"defaultSelectOption":1,"parWeight":null,"viewSection":{"maxedOutString":"Max 500 per order","minReachedString":null,"unitAriaString":"item","unitPluralAriaString":"items","unitPluralString":"ct","unitString":"ct","iconUnitTypeVisibilityVariant":"hide","variableWeightDisclaimerString":null,"variableWeightDisclaimerLongString":null,"totalWeightEstimateTemplateString":null,"totalWeightEstimateTemplatePluralString":null,"parWeightDisplayString":null,"quantityUnitVisibilityVariant":"show","stepperUnitTypeVisibilityVariant":"hide","__typename":"ItemsResponseBackedQuantityAttributesSection"},"__typename":"ItemsQuantityAttributes"},"quantityAttributesWeight":null,"quantityAttributes":{"increment":1,"initial":1,"max":500,"min":1,"quantityType":"each","selectOptions":[1,2,3,4,5,6,7,8,9],"defaultSelectOption":1,"parWeight":null,"viewSection":{"maxedOutString":"Max 500 per order","minReachedString":null,"unitAriaString":"item","unitPluralAriaString":"items","unitPluralString":"ct","unitString":"ct","iconUnitTypeVisibilityVariant":"hide","variableWeightDisclaimerString":null,"variableWeightDisclaimerLongString":null,"totalWeightEstimateTemplateString":null,"totalWeightEstimateTemplatePluralString":null,"parWeightDisplayString":null,"quantityUnitVisibilityVariant":"show","stepperUnitTypeVisibilityVariant":"hide","__typename":"ItemsResponseBackedQuantityAttributesSection"},"__typename":"ItemsQuantityAttributes"},"availability":{"available":true,"stockLevel":"inStock","blackoutTimes":null,"viewSection":{"stockLevelLabelString":"In stock","outOfStockCtaString":null,"similarItemsActionVariant":"none","warningIconImage":null,"__typename":"AvailabilityResponseBackedAvailabilitySection"},"__typename":"ItemsAvailability"},"variantGroup":null,"variantGroupId":null,"variantDimensionValues":[],"viewSection":{"itemImage":{"altText":null,"templateUrl":"https://www.instacart.com/image-server/{width=}x{height=}/filters:fill(FFFFFF,true):format(jpg)/d2lnr5mha7bycj.cloudfront.net/product-image/file/large_7e42d101-677c-4263-a78f-80f4b870685a.jpg","url":"https://d2lnr5mha7bycj.cloudfront.net/product-image/file/large_7e42d101-677c-4263-a78f-80f4b870685a.jpg","__typename":"Image"},"trackingProperties":{"availability_score":0.8262,"available_ind":true,"blackout":false,"element_attributes":{"attributes":[],"low_stock_label":false},"element_details":{"element_id":"items_40286-21165144","element_type":"item","item_tags":[],"product_id":"21165144","retailer_id":"1253","retailer_location_id":"40286"},"external_sku_id":null,"item_id":"1439558874","item_name":"La Campera Tortilla Chips","itemsview___layouts___itemsresponsebacked___item":"026f1da0-d5a8-459b-b93b-ec428eee326f","low_stock_label":false,"low_stock_variant":"none","on_sale_ind":{"buy_one_get_one":false,"cpg_coupon":false,"on_sale":false,"retailer":false},"product_category_name":"Tortilla Chips","product_id":"21165144","restricted_for_targeting_and_sharing":false,"stock_level":"in_stock"},"itemCardRatingVariant":"hidden","itemCardQuickAddVariant":"control","itemCardDiscountBadgeVariant":"hide","itemCardLowStockLevelVariant":"visible","itemCardPricePerUnitVariant":"hide","quantityAttributesVariant":"eachAndWeight","hideActionsOnCartItemVariant":"true","itemCardHideQuickAddPriceVariant":"show","itemCardHideSizeVariant":"show","lowStockVariant":"none","boughtXTimesString":null,"requestAddString":null,"servingSizeString":null,"itemString":"Item","retailerReferenceCodeString":null,"retailerLookupCodeString":null,"variantDimensionsString":null,"tastingNotesString":null,"rewardProgramLabelString":null,"nameStringFormatted":{"id":"eb0beaa5","sections":[{"id":"5f690fcb","name":"bodymedium2","content":"La Campera Tortilla Chips","__typename":"ViewFormattedStringSection"}],"__typename":"ViewFormattedString"},"taxStringFormatted":null,"fsaHsaEligibleString":null,"itemTransparentImage":null,"__typename":"ItemsResponseBackedItemSection"},"tags":[],"comboPromotions":[],"nutritionalAttributes":null,"__typename":"ItemsItem","price":{"id":"items_40286-21165144","itemId":"items_40286-21165144","debugProperties":{},"viewSection":{"badge":null,"itemCard":{"id":"items_response_backed:8b248a90:item_price:92fb6343:item_card","fullPriceString":null,"priceAriaLabelString":"$6.68","pricePerUnitString":null,"priceString":"$6.68","pricingUnitSecondaryString":null,"pricingUnitString":null,"trackingProperties":{"item_card_impression_id":"c906d723-9ea8-4a5c-8f97-6f334a8037ea"},"discountHeaderString":null,"discountSubHeaderString":"off!","priceSuffixString":"","plainFullPriceString":null,"priceScreenReaderString":"Current price: $6.68","fullPriceScreenReaderString":null,"priceBackgroundVariant":"hide","loyaltyProgramVariant":"hide","pricingUnitConvergenceVariant":"variant","badgeVisibilityVariant":"hide","priceStringFormatted":{"id":"08970b32","sections":[{"id":"92d1947e","name":"small_currency_symbol","content":"$","__typename":"ViewFormattedStringSection"},{"id":"4c502eff","name":"dollar","content":"6","__typename":"ViewFormattedStringSection"},{"id":"0c89c1eb","name":"cents","content":"68","__typename":"ViewFormattedStringSection"}],"__typename":"ViewFormattedString"},"offerLabelStringFormatted":null,"loyaltyPriceStringFormatted":null,"nonLoyaltyPriceStringFormatted":null,"loyaltyPriceStringPositionVariant":"control","secondaryTopStringFormatted":null,"secondaryBottomStringFormatted":null,"smartDiscountFormattedAttributesString":null,"__typename":"ItemsResponseBackedItemPriceItemCardSection"},"itemDetails":{"dealAppliedLabelString":null,"dealAppliedSoFarMessageString":null,"fullPriceString":null,"mixAndMatchItemsTitleString":"Available Mix \u0026 Match items","mixAndMatchItemsVariant":"hide","priceAriaLabelString":"$6.68","priceEstimateVariant":"hide","pricePerUnitString":"$0.28/oz","priceString":"$6.68","pricingUnitSecondaryString":null,"pricingUnitString":null,"saleDisclaimerString":null,"addLoyaltyCardString":null,"loyaltyProgramVariant":"hide","secondaryTopStringFormatted":null,"secondaryBottomStringFormatted":null,"__typename":"ItemsResponseBackedItemPriceItemDetailsSection"},"sizeSelector":null,"fullPriceString":null,"priceString":"$6.68","priceValueString":"6.68","currencySymbolString":"$","trackingProperties":{"item_tasks":[],"on_sale_ind":{"loyalty":false},"price":"$6.68","price_data_source":"legacy","product_id":"21165144"},"__typename":"ItemsResponseBackedItemPriceSection"},"parWeightTotalEstimate":{"id":"48d78c51","viewSection":{"parWeightString":null,"__typename":"ItemsResponseBackedParWeightTotalEstimateSection"},"__typename":"ItemsParWeightTotalEstimate"},"greatPrice":null,"__typename":"ItemsItemPrice"}},{"id":"items_40286-280799","itemLoadId":null,"name":"Marinela Ping..inos, 8 packs, Chocolate Cr..me Filled Cupcakes","size":"11.2 oz","productId":"280799","legacyId":"1430408612","legacyV3Id":"item_1430408612","configurableProductId":null,"brandName":"marinela","brandId":"46272","evergreenUrl":"280799-marinela-ping-inos-chocolate-cr-me-filled-cupcakes-11-2-oz","inStoreItemLocation":null,"retailer":{"isUltrafast":false,"__typename":"RetailersRetailer"},"dietary":{"mlDietaryAttributes":null,"mlShoppingAttributes":[],"viewSection":{"attributesString":null,"attributeSections":[],"attributeBadgeImage":null,"__typename":"ItemsResponseBackedDietarySection"},"__typename":"ItemsDietary"},"itemEbt":null,"itemFreshFunds":null,"itemMedicare":null,"productRating":null,"productCanonicalUrl":null,"quantityAttributesEach":{"increment":1,"initial":1,"max":500,"min":1,"quantityType":"each","selectOptions":[1,2,3,4,5,6,7,8,9],"defaultSelectOption":1,"parWeight":null,"viewSection":{"maxedOutString":"Max 500 per order","minReachedString":null,"unitAriaString":"item","unitPluralAriaString":"items","unitPluralString":"ct","unitString":"ct","iconUnitTypeVisibilityVariant":"hide","variableWeightDisclaimerString":null,"variableWeightDisclaimerLongString":null,"totalWeightEstimateTemplateString":null,"totalWeightEstimateTemplatePluralString":null,"parWeightDisplayString":null,"quantityUnitVisibilityVariant":"show","stepperUnitTypeVisibilityVariant":"hide","__typename":"ItemsResponseBackedQuantityAttributesSection"},"__typename":"ItemsQuantityAttributes"},"quantityAttributesWeight":null,"quantityAttributes":{"increment":1,"initial":1,"max":500,"min":1,"quantityType":"each","selectOptions":[1,2,3,4,5,6,7,8,9],"defaultSelectOption":1,"parWeight":null,"viewSection":{"maxedOutString":"Max 500 per order","minReachedString":null,"unitAriaString":"item","unitPluralAriaString":"items","unitPluralString":"ct","unitString":"ct","iconUnitTypeVisibilityVariant":"hide","variableWeightDisclaimerString":null,"variableWeightDisclaimerLongString":null,"totalWeightEstimateTemplateString":null,"totalWeightEstimateTemplatePluralString":null,"parWeightDisplayString":null,"quantityUnitVisibilityVariant":"show","stepperUnitTypeVisibilityVariant":"hide","__typename":"ItemsResponseBackedQuantityAttributesSection"},"__typename":"ItemsQuantityAttributes"},"availability":{"available":true,"stockLevel":"inStock","blackoutTimes":null,"viewSection":{"stockLevelLabelString":"In stock","outOfStockCtaString":null,"similarItemsActionVariant":"none","warningIconImage":null,"__typename":"AvailabilityResponseBackedAvailabilitySection"},"__typename":"ItemsAvailability"},"variantGroup":null,"variantGroupId":null,"variantDimensionValues":[],"viewSection":{"itemImage":{"altText":null,"templateUrl":"https://www.instacart.com/image-server/{width=}x{height=}/filters:fill(FFFFFF,true):format(jpg)/d2lnr5mha7bycj.cloudfront.net/product-image/file/large_cee01dcd-3df4-4fb5-8e70-b56467fe4271.png","url":"https://d2lnr5mha7bycj.cloudfront.net/product-image/file/large_cee01dcd-3df4-4fb5-8e70-b56467fe4271.png","__typename":"Image"},"trackingProperties":{"availability_score":0.7147,"available_ind":true,"blackout":false,"element_attributes":{"attributes":[],"low_stock_label":false},"element_details":{"element_id":"items_40286-280799","element_type":"item","item_tags":[],"product_id":"280799","retailer_id":"1253","retailer_location_id":"40286"},"external_sku_id":null,"item_id":"1430408612","item_name":"Marinela Ping..inos, 8 packs, Chocolate Cr..me Filled Cupcakes","itemsview___layouts___itemsresponsebacked___item":"9e94dc95-2bcd-4734-b13a-0bb168809eeb","low_stock_label":false,"low_stock_variant":"none","on_sale_ind":{"buy_one_get_one":false,"cpg_coupon":false,"on_sale":false,"retailer":false},"product_category_name":"Packaged Snack Cakes","product_id":"280799","restricted_for_targeting_and_sharing":false,"stock_level":"in_stock"},"itemCardRatingVariant":"hidden","itemCardQuickAddVariant":"control","itemCardDiscountBadgeVariant":"hide","itemCardLowStockLevelVariant":"visible","itemCardPricePerUnitVariant":"hide","quantityAttributesVariant":"eachAndWeight","hideActionsOnCartItemVariant":"true","itemCardHideQuickAddPriceVariant":"show","itemCardHideSizeVariant":"show","lowStockVariant":"none","boughtXTimesString":null,"requestAddString":null,"servingSizeString":null,"itemString":"Item","retailerReferenceCodeString":null,"retailerLookupCodeString":null,"variantDimensionsString":null,"tastingNotesString":null,"rewardProgramLabelString":null,"nameStringFormatted":{"id":"56e1b49d","sections":[{"id":"ce074382","name":"bodymedium2","content":"Marinela Ping..inos, 8 packs, Chocolate Cr..me Filled Cupcakes","__typename":"ViewFormattedStringSection"}],"__typename":"ViewFormattedString"},"taxStringFormatted":null,"fsaHsaEligibleString":null,"itemTransparentImage":null,"__typename":"ItemsResponseBackedItemSection"},"tags":[],"comboPromotions":[],"nutritionalAttributes":[{"viewSection":{"shortLabelString":"Sod","unitString":"mg","valueString":"360","__typename":"ItemsResponseBackedNutritionAttributeSection"},"__typename":"ItemsNutritionAttribute"},{"viewSection":{"shortLabelString":"Sug","unitString":"g","valueString":"38","__typename":"ItemsResponseBackedNutritionAttributeSection"},"__typename":"ItemsNutritionAttribute"},{"viewSection":{"shortLabelString":"Fat","unitString":"g","valueString":"13","__typename":"ItemsResponseBackedNutritionAttributeSection"},"__typename":"ItemsNutritionAttribute"},{"viewSection":{"shortLabelString":"Cal","unitString":"","valueString":"310","__typename":"ItemsResponseBackedNutritionAttributeSection"},"__typename":"ItemsNutritionAttribute"}],"__typename":"ItemsItem","price":{"id":"items_40286-280799","itemId":"items_40286-280799","debugProperties":{},"viewSection":{"badge":null,"itemCard":{"id":"items_response_backed:3f143092:item_price:c4c0b6ed:item_card","fullPriceString":null,"priceAriaLabelString":"$5.70","pricePerUnitString":null,"priceString":"$5.70","pricingUnitSecondaryString":null,"pricingUnitString":"11.2 oz","trackingProperties":{"item_card_impression_id":"a31fd2c0-0d85-4615-9c57-399fa542c86d"},"discountHeaderString":null,"discountSubHeaderString":"off!","priceSuffixString":"","plainFullPriceString":null,"priceScreenReaderString":"Current price: $5.70","fullPriceScreenReaderString":null,"priceBackgroundVariant":"hide","loyaltyProgramVariant":"hide","pricingUnitConvergenceVariant":"variant","badgeVisibilityVariant":"hide","priceStringFormatted":{"id":"9cebb860","sections":[{"id":"7552da37","name":"small_currency_symbol","content":"$","__typename":"ViewFormattedStringSection"},{"id":"e24201b2","name":"dollar","content":"5","__typename":"ViewFormattedStringSection"},{"id":"8a807d7b","name":"cents","content":"70","__typename":"ViewFormattedStringSection"}],"__typename":"ViewFormattedString"},"offerLabelStringFormatted":null,"loyaltyPriceStringFormatted":null,"nonLoyaltyPriceStringFormatted":null,"loyaltyPriceStringPositionVariant":"control","secondaryTopStringFormatted":null,"secondaryBottomStringFormatted":null,"smartDiscountFormattedAttributesString":null,"__typename":"ItemsResponseBackedItemPriceItemCardSection"},"itemDetails":{"dealAppliedLabelString":null,"dealAppliedSoFarMessageString":null,"fullPriceString":null,"mixAndMatchItemsTitleString":"Available Mix \u0026 Match items","mixAndMatchItemsVariant":"hide","priceAriaLabelString":"$5.70","priceEstimateVariant":"hide","pricePerUnitString":"$0.51/oz","priceString":"$5.70","pricingUnitSecondaryString":null,"pricingUnitString":"11.2 oz","saleDisclaimerString":null,"addLoyaltyCardString":null,"loyaltyProgramVariant":"hide","secondaryTopStringFormatted":null,"secondaryBottomStringFormatted":null,"__typename":"ItemsResponseBackedItemPriceItemDetailsSection"},"sizeSelector":null,"fullPriceString":null,"priceString":"$5.70","priceValueString":"5.7","currencySymbolString":"$","trackingProperties":{"item_tasks":[],"on_sale_ind":{"loyalty":false},"price":"$5.70","price_data_source":"legacy","product_id":"280799"},"__typename":"ItemsResponseBackedItemPriceSection"},"parWeightTotalEstimate":{"id":"381e957a","viewSection":{"parWeightString":null,"__typename":"ItemsResponseBackedParWeightTotalEstimateSection"},"__typename":"ItemsParWeightTotalEstimate"},"greatPrice":null,"__typename":"ItemsItemPrice"}},{"id":"items_40286-250491","itemLoadId":null,"name":"Diana...s Corn Sticks, BBQ Flavored, Palitos","size":"24 each","productId":"250491","legacyId":"1430601103","legacyV3Id":"item_1430601103","configurableProductId":null,"brandName":"diana...s","brandId":"1184551","evergreenUrl":"250491-diana-cornsticks-crunchy-5-89-oz","inStoreItemLocation":null,"retailer":{"isUltrafast":false,"__typename":"RetailersRetailer"},"dietary":{"mlDietaryAttributes":null,"mlShoppingAttributes":["pescatarian"],"viewSection":{"attributesString":null,"attributeSections":[],"attributeBadgeImage":null,"__typename":"ItemsResponseBackedDietarySection"},"__typename":"ItemsDietary"},"itemEbt":null,"itemFreshFunds":null,"itemMedicare":null,"productRating":null,"productCanonicalUrl":null,"quantityAttributesEach":{"increment":1,"initial":1,"max":500,"min":1,"quantityType":"each","selectOptions":[1,2,3,4,5,6,7,8,9],"defaultSelectOption":1,"parWeight":null,"viewSection":{"maxedOutString":"Max 500 per order","minReachedString":null,"unitAriaString":"item","unitPluralAriaString":"items","unitPluralString":"ct","unitString":"ct","iconUnitTypeVisibilityVariant":"hide","variableWeightDisclaimerString":null,"variableWeightDisclaimerLongString":null,"totalWeightEstimateTemplateString":null,"totalWeightEstimateTemplatePluralString":null,"parWeightDisplayString":null,"quantityUnitVisibilityVariant":"show","stepperUnitTypeVisibilityVariant":"hide","__typename":"ItemsResponseBackedQuantityAttributesSection"},"__typename":"ItemsQuantityAttributes"},"quantityAttributesWeight":null,"quantityAttributes":{"increment":1,"initial":1,"max":500,"min":1,"quantityType":"each","selectOptions":[1,2,3,4,5,6,7,8,9],"defaultSelectOption":1,"parWeight":null,"viewSection":{"maxedOutString":"Max 500 per order","minReachedString":null,"unitAriaString":"item","unitPluralAriaString":"items","unitPluralString":"ct","unitString":"ct","iconUnitTypeVisibilityVariant":"hide","variableWeightDisclaimerString":null,"variableWeightDisclaimerLongString":null,"totalWeightEstimateTemplateString":null,"totalWeightEstimateTemplatePluralString":null,"parWeightDisplayString":null,"quantityUnitVisibilityVariant":"show","stepperUnitTypeVisibilityVariant":"hide","__typename":"ItemsResponseBackedQuantityAttributesSection"},"__typename":"ItemsQuantityAttributes"},"availability":{"available":true,"stockLevel":"inStock","blackoutTimes":null,"viewSection":{"stockLevelLabelString":"In stock","outOfStockCtaString":null,"similarItemsActionVariant":"none","warningIconImage":null,"__typename":"AvailabilityResponseBackedAvailabilitySection"},"__typename":"ItemsAvailability"},"variantGroup":null,"variantGroupId":null,"variantDimensionValues":[],"viewSection":{"itemImage":{"altText":null,"templateUrl":"https://www.instacart.com/image-server/{width=}x{height=}/filters:fill(FFFFFF,true):format(jpg)/d2lnr5mha7bycj.cloudfront.net/product-image/file/large_aa8df695-799a-465b-a9ab-fe43aa08bdec.png","url":"https://d2lnr5mha7bycj.cloudfront.net/product-image/file/large_aa8df695-799a-465b-a9ab-fe43aa08bdec.png","__typename":"Image"},"trackingProperties":{"availability_score":0.8623,"available_ind":true,"blackout":false,"element_attributes":{"attributes":[],"low_stock_label":false},"element_details":{"element_id":"items_40286-250491","element_type":"item","item_tags":[],"product_id":"250491","retailer_id":"1253","retailer_location_id":"40286"},"external_sku_id":null,"item_id":"1430601103","item_name":"Diana...s Corn Sticks, BBQ Flavored, Palitos","itemsview___layouts___itemsresponsebacked___item":"14b6de1e-7106-4f65-8346-d1f71a164f32","low_stock_label":false,"low_stock_variant":"none","on_sale_ind":{"buy_one_get_one":false,"cpg_coupon":false,"on_sale":false,"retailer":false},"product_category_name":"Puff Chips","product_id":"250491","restricted_for_targeting_and_sharing":false,"stock_level":"in_stock"},"itemCardRatingVariant":"hidden","itemCardQuickAddVariant":"control","itemCardDiscountBadgeVariant":"hide","itemCardLowStockLevelVariant":"visible","itemCardPricePerUnitVariant":"hide","quantityAttributesVariant":"eachAndWeight","hideActionsOnCartItemVariant":"true","itemCardHideQuickAddPriceVariant":"show","itemCardHideSizeVariant":"show","lowStockVariant":"none","boughtXTimesString":null,"requestAddString":null,"servingSizeString":null,"itemString":"Item","retailerReferenceCodeString":null,"retailerLookupCodeString":null,"variantDimensionsString":null,"tastingNotesString":null,"rewardProgramLabelString":null,"nameStringFormatted":{"id":"874117ac","sections":[{"id":"970ad825","name":"bodymedium2","content":"Diana...s Corn Sticks, BBQ Flavored, Palitos","__typename":"ViewFormattedStringSection"}],"__typename":"ViewFormattedString"},"taxStringFormatted":null,"fsaHsaEligibleString":null,"itemTransparentImage":null,"__typename":"ItemsResponseBackedItemSection"},"tags":[],"comboPromotions":[],"nutritionalAttributes":[{"viewSection":{"shortLabelString":"Sod","unitString":"mg","valueString":"150","__typename":"ItemsResponseBackedNutritionAttributeSection"},"__typename":"ItemsNutritionAttribute"},{"viewSection":{"shortLabelString":"Sug","unitString":"g","valueString":"0","__typename":"ItemsResponseBackedNutritionAttributeSection"},"__typename":"ItemsNutritionAttribute"},{"viewSection":{"shortLabelString":"Fat","unitString":"g","valueString":"8","__typename":"ItemsResponseBackedNutritionAttributeSection"},"__typename":"ItemsNutritionAttribute"},{"viewSection":{"shortLabelString":"Cal","unitString":"","valueString":"150","__typename":"ItemsResponseBackedNutritionAttributeSection"},"__typename":"ItemsNutritionAttribute"}],"__typename":"ItemsItem","price":{"id":"items_40286-250491","itemId":"items_40286-250491","debugProperties":{},"viewSection":{"badge":null,"itemCard":{"id":"items_response_backed:bfd3e689:item_price:d45fcb92:item_card","fullPriceString":null,"priceAriaLabelString":"$3.64","pricePerUnitString":null,"priceString":"$3.64","pricingUnitSecondaryString":null,"pricingUnitString":null,"trackingProperties":{"item_card_impression_id":"164f3dcc-0d14-4208-a3d8-7a10bf1e8a56"},"discountHeaderString":null,"discountSubHeaderString":"off!","priceSuffixString":"","plainFullPriceString":null,"priceScreenReaderString":"Current price: $3.64","fullPriceScreenReaderString":null,"priceBackgroundVariant":"hide","loyaltyProgramVariant":"hide","pricingUnitConvergenceVariant":"variant","badgeVisibilityVariant":"hide","priceStringFormatted":{"id":"1875cf8a","sections":[{"id":"458c84db","name":"small_currency_symbol","content":"$","__typename":"ViewFormattedStringSection"},{"id":"fa8fbe7b","name":"dollar","content":"3","__typename":"ViewFormattedStringSection"},{"id":"733decea","name":"cents","content":"64","__typename":"ViewFormattedStringSection"}],"__typename":"ViewFormattedString"},"offerLabelStringFormatted":null,"loyaltyPriceStringFormatted":null,"nonLoyaltyPriceStringFormatted":null,"loyaltyPriceStringPositionVariant":"control","secondaryTopStringFormatted":null,"secondaryBottomStringFormatted":null,"smartDiscountFormattedAttributesString":null,"__typename":"ItemsResponseBackedItemPriceItemCardSection"},"itemDetails":{"dealAppliedLabelString":null,"dealAppliedSoFarMessageString":null,"fullPriceString":null,"mixAndMatchItemsTitleString":"Available Mix \u0026 Match items","mixAndMatchItemsVariant":"hide","priceAriaLabelString":"$3.64","priceEstimateVariant":"hide","pricePerUnitString":"$0.15 each","priceString":"$3.64","pricingUnitSecondaryString":null,"pricingUnitString":null,"saleDisclaimerString":null,"addLoyaltyCardString":null,"loyaltyProgramVariant":"hide","secondaryTopStringFormatted":null,"secondaryBottomStringFormatted":null,"__typename":"ItemsResponseBackedItemPriceItemDetailsSection"},"sizeSelector":null,"fullPriceString":null,"priceString":"$3.64","priceValueString":"3.64","currencySymbolString":"$","trackingProperties":{"item_tasks":[],"on_sale_ind":{"loyalty":false},"price":"$3.64","price_data_source":"legacy","product_id":"250491"},"__typename":"ItemsResponseBackedItemPriceSection"},"parWeightTotalEstimate":{"id":"d0b87677","viewSection":{"parWeightString":null,"__typename":"ItemsResponseBackedParWeightTotalEstimateSection"},"__typename":"ItemsParWeightTotalEstimate"},"greatPrice":null,"__typename":"ItemsItemPrice"}},{"id":"items_40286-253274","itemLoadId":null,"name":"El Mexicano Rice Pudding, with Cinnamon","size":"8 oz","productId":"253274","legacyId":"1429919780","legacyV3Id":"item_1429919780","configurableProductId":null,"brandName":"el mexicano","brandId":"2514","evergreenUrl":"253274-el-mexicano-rice-pudding-8-oz","inStoreItemLocation":null,"retailer":{"isUltrafast":false,"__typename":"RetailersRetailer"},"dietary":{"mlDietaryAttributes":null,"mlShoppingAttributes":["pescatarian"],"viewSection":{"attributesString":"Gluten Free","attributeSections":[],"attributeBadgeImage":null,"__typename":"ItemsResponseBackedDietarySection"},"__typename":"ItemsDietary"},"itemEbt":null,"itemFreshFunds":null,"itemMedicare":null,"productRating":null,"productCanonicalUrl":null,"quantityAttributesEach":{"increment":1,"initial":1,"max":500,"min":1,"quantityType":"each","selectOptions":[1,2,3,4,5,6,7,8,9],"defaultSelectOption":1,"parWeight":null,"viewSection":{"maxedOutString":"Max 500 per order","minReachedString":null,"unitAriaString":"item","unitPluralAriaString":"items","unitPluralString":"ct","unitString":"ct","iconUnitTypeVisibilityVariant":"hide","variableWeightDisclaimerString":null,"variableWeightDisclaimerLongString":null,"totalWeightEstimateTemplateString":null,"totalWeightEstimateTemplatePluralString":null,"parWeightDisplayString":null,"quantityUnitVisibilityVariant":"show","stepperUnitTypeVisibilityVariant":"hide","__typename":"ItemsResponseBackedQuantityAttributesSection"},"__typename":"ItemsQuantityAttributes"},"quantityAttributesWeight":null,"quantityAttributes":{"increment":1,"initial":1,"max":500,"min":1,"quantityType":"each","selectOptions":[1,2,3,4,5,6,7,8,9],"defaultSelectOption":1,"parWeight":null,"viewSection":{"maxedOutString":"Max 500 per order","minReachedString":null,"unitAriaString":"item","unitPluralAriaString":"items","unitPluralString":"ct","unitString":"ct","iconUnitTypeVisibilityVariant":"hide","variableWeightDisclaimerString":null,"variableWeightDisclaimerLongString":null,"totalWeightEstimateTemplateString":null,"totalWeightEstimateTemplatePluralString":null,"parWeightDisplayString":null,"quantityUnitVisibilityVariant":"show","stepperUnitTypeVisibilityVariant":"hide","__typename":"ItemsResponseBackedQuantityAttributesSection"},"__typename":"ItemsQuantityAttributes"},"availability":{"available":true,"stockLevel":"inStock","blackoutTimes":null,"viewSection":{"stockLevelLabelString":"In stock","outOfStockCtaString":null,"similarItemsActionVariant":"none","warningIconImage":null,"__typename":"AvailabilityResponseBackedAvailabilitySection"},"__typename":"ItemsAvailability"},"variantGroup":null,"variantGroupId":null,"variantDimensionValues":[],"viewSection":{"itemImage":{"altText":null,"templateUrl":"https://www.instacart.com/image-server/{width=}x{height=}/filters:fill(FFFFFF,true):format(jpg)/d2lnr5mha7bycj.cloudfront.net/product-image/file/large_fa79e953-42e6-491e-956c-005b2137fe41.png","url":"https://d2lnr5mha7bycj.cloudfront.net/product-image/file/large_fa79e953-42e6-491e-956c-005b2137fe41.png","__typename":"Image"},"trackingProperties":{"availability_score":0.8942,"available_ind":true,"blackout":false,"element_attributes":{"attributes":[],"low_stock_label":false},"element_details":{"element_id":"items_40286-253274","element_type":"item","item_tags":[],"product_id":"253274","retailer_id":"1253","retailer_location_id":"40286"},"external_sku_id":null,"item_id":"1429919780","item_name":"El Mexicano Rice Pudding, with Cinnamon","itemsview___layouts___itemsresponsebacked___item":"c31de1d1-c288-4493-ba8e-5a33ff5a5169","low_stock_label":false,"low_stock_variant":"none","on_sale_ind":{"buy_one_get_one":false,"cpg_coupon":false,"on_sale":false,"retailer":false},"product_category_name":"Pudding Snacks","product_id":"253274","restricted_for_targeting_and_sharing":false,"stock_level":"in_stock"},"itemCardRatingVariant":"hidden","itemCardQuickAddVariant":"control","itemCardDiscountBadgeVariant":"hide","itemCardLowStockLevelVariant":"visible","itemCardPricePerUnitVariant":"hide","quantityAttributesVariant":"eachAndWeight","hideActionsOnCartItemVariant":"true","itemCardHideQuickAddPriceVariant":"show","itemCardHideSizeVariant":"show","lowStockVariant":"none","boughtXTimesString":null,"requestAddString":null,"servingSizeString":null,"itemString":"Item","retailerReferenceCodeString":null,"retailerLookupCodeString":null,"variantDimensionsString":null,"tastingNotesString":null,"rewardProgramLabelString":null,"nameStringFormatted":{"id":"9092cd14","sections":[{"id":"02765c66","name":"bodymedium2","content":"El Mexicano Rice Pudding, with Cinnamon","__typename":"ViewFormattedStringSection"}],"__typename":"ViewFormattedString"},"taxStringFormatted":null,"fsaHsaEligibleString":null,"itemTransparentImage":null,"__typename":"ItemsResponseBackedItemSection"},"tags":[],"comboPromotions":[],"nutritionalAttributes":[{"viewSection":{"shortLabelString":"Sod","unitString":"mg","valueString":"90","__typename":"ItemsResponseBackedNutritionAttributeSection"},"__typename":"ItemsNutritionAttribute"},{"viewSection":{"shortLabelString":"Sug","unitString":"g","valueString":"15","__typename":"ItemsResponseBackedNutritionAttributeSection"},"__typename":"ItemsNutritionAttribute"},{"viewSection":{"shortLabelString":"Fat","unitString":"g","valueString":"3","__typename":"ItemsResponseBackedNutritionAttributeSection"},"__typename":"ItemsNutritionAttribute"},{"viewSection":{"shortLabelString":"Cal","unitString":"","valueString":"146","__typename":"ItemsResponseBackedNutritionAttributeSection"},"__typename":"ItemsNutritionAttribute"}],"__typename":"ItemsItem","price":{"id":"items_40286-253274","itemId":"items_40286-253274","debugProperties":{},"viewSection":{"badge":null,"itemCard":{"id":"items_response_backed:ebda3558:item_price:d7b7d886:item_card","fullPriceString":null,"priceAriaLabelString":"$2.01","pricePerUnitString":null,"priceString":"$2.01","pricingUnitSecondaryString":null,"pricingUnitString":"8 oz","trackingProperties":{"item_card_impression_id":"7774834d-60bb-44b2-a7be-232470daada3"},"discountHeaderString":null,"discountSubHeaderString":"off!","priceSuffixString":"","plainFullPriceString":null,"priceScreenReaderString":"Current price: $2.01","fullPriceScreenReaderString":null,"priceBackgroundVariant":"hide","loyaltyProgramVariant":"hide","pricingUnitConvergenceVariant":"variant","badgeVisibilityVariant":"hide","priceStringFormatted":{"id":"95e321d8","sections":[{"id":"0f977441","name":"small_currency_symbol","content":"$","__typename":"ViewFormattedStringSection"},{"id":"d4e5ebe5","name":"dollar","content":"2","__typename":"ViewFormattedStringSection"},{"id":"db53679d","name":"cents","content":"01","__typename":"ViewFormattedStringSection"}],"__typename":"ViewFormattedString"},"offerLabelStringFormatted":null,"loyaltyPriceStringFormatted":null,"nonLoyaltyPriceStringFormatted":null,"loyaltyPriceStringPositionVariant":"control","secondaryTopStringFormatted":null,"secondaryBottomStringFormatted":null,"smartDiscountFormattedAttributesString":null,"__typename":"ItemsResponseBackedItemPriceItemCardSection"},"itemDetails":{"dealAppliedLabelString":null,"dealAppliedSoFarMessageString":null,"fullPriceString":null,"mixAndMatchItemsTitleString":"Available Mix \u0026 Match items","mixAndMatchItemsVariant":"hide","priceAriaLabelString":"$2.01","priceEstimateVariant":"hide","pricePerUnitString":"$0.25/oz","priceString":"$2.01","pricingUnitSecondaryString":null,"pricingUnitString":"8 oz","saleDisclaimerString":null,"addLoyaltyCardString":null,"loyaltyProgramVariant":"hide","secondaryTopStringFormatted":null,"secondaryBottomStringFormatted":null,"__typename":"ItemsResponseBackedItemPriceItemDetailsSection"},"sizeSelector":null,"fullPriceString":null,"priceString":"$2.01","priceValueString":"2.01","currencySymbolString":"$","trackingProperties":{"item_tasks":[],"on_sale_ind":{"loyalty":false},"price":"$2.01","price_data_source":"legacy","product_id":"253274"},"__typename":"ItemsResponseBackedItemPriceSection"},"parWeightTotalEstimate":{"id":"96ff8961","viewSection":{"parWeightString":null,"__typename":"ItemsResponseBackedParWeightTotalEstimateSection"},"__typename":"ItemsParWeightTotalEstimate"},"greatPrice":null,"__typename":"ItemsItemPrice"}},{"id":"items_40286-5628","itemLoadId":null,"name":"Hershey's Cookies 'n' Creme Candy","size":"1.55 oz","productId":"5628","legacyId":"1429904902","legacyV3Id":"item_1429904902","configurableProductId":null,"brandName":"hershey's","brandId":"239070","evergreenUrl":"5628-hershey-s-candy-bar-cookies-n-creme-1-55-oz","inStoreItemLocation":null,"retailer":{"isUltrafast":false,"__typename":"RetailersRetailer"},"dietary":{"mlDietaryAttributes":null,"mlShoppingAttributes":["pescatarian"],"viewSection":{"attributesString":null,"attributeSections":[],"attributeBadgeImage":null,"__typename":"ItemsResponseBackedDietarySection"},"__typename":"ItemsDietary"},"itemEbt":null,"itemFreshFunds":null,"itemMedicare":null,"productRating":null,"productCanonicalUrl":null,"quantityAttributesEach":{"increment":1,"initial":1,"max":500,"min":1,"quantityType":"each","selectOptions":[1,2,3,4,5,6,7,8,9],"defaultSelectOption":1,"parWeight":null,"viewSection":{"maxedOutString":"Max 500 per order","minReachedString":null,"unitAriaString":"item","unitPluralAriaString":"items","unitPluralString":"ct","unitString":"ct","iconUnitTypeVisibilityVariant":"hide","variableWeightDisclaimerString":null,"variableWeightDisclaimerLongString":null,"totalWeightEstimateTemplateString":null,"totalWeightEstimateTemplatePluralString":null,"parWeightDisplayString":null,"quantityUnitVisibilityVariant":"show","stepperUnitTypeVisibilityVariant":"hide","__typename":"ItemsResponseBackedQuantityAttributesSection"},"__typename":"ItemsQuantityAttributes"},"quantityAttributesWeight":null,"quantityAttributes":{"increment":1,"initial":1,"max":500,"min":1,"quantityType":"each","selectOptions":[1,2,3,4,5,6,7,8,9],"defaultSelectOption":1,"parWeight":null,"viewSection":{"maxedOutString":"Max 500 per order","minReachedString":null,"unitAriaString":"item","unitPluralAriaString":"items","unitPluralString":"ct","unitString":"ct","iconUnitTypeVisibilityVariant":"hide","variableWeightDisclaimerString":null,"variableWeightDisclaimerLongString":null,"totalWeightEstimateTemplateString":null,"totalWeightEstimateTemplatePluralString":null,"parWeightDisplayString":null,"quantityUnitVisibilityVariant":"show","stepperUnitTypeVisibilityVariant":"hide","__typename":"ItemsResponseBackedQuantityAttributesSection"},"__typename":"ItemsQuantityAttributes"},"availability":{"available":true,"stockLevel":"inStock","blackoutTimes":null,"viewSection":{"stockLevelLabelString":"In stock","outOfStockCtaString":null,"similarItemsActionVariant":"none","warningIconImage":null,"__typename":"AvailabilityResponseBackedAvailabilitySection"},"__typename":"ItemsAvailability"},"variantGroup":null,"variantGroupId":null,"variantDimensionValues":[],"viewSection":{"itemImage":{"altText":null,"templateUrl":"https://www.instacart.com/image-server/{width=}x{height=}/filters:fill(FFFFFF,true):format(jpg)/d2lnr5mha7bycj.cloudfront.net/product-image/file/large_2f5d8aca-8e34-41e2-b550-f5c04632a789.jpg","url":"https://d2lnr5mha7bycj.cloudfront.net/product-image/file/large_2f5d8aca-8e34-41e2-b550-f5c04632a789.jpg","__typename":"Image"},"trackingProperties":{"availability_score":0.8284,"available_ind":true,"blackout":false,"element_attributes":{"attributes":[],"low_stock_label":false},"element_details":{"element_id":"items_40286-5628","element_type":"item","item_tags":[],"product_id":"5628","retailer_id":"1253","retailer_location_id":"40286"},"external_sku_id":null,"item_id":"1429904902","item_name":"Hershey's Cookies 'n' Creme Candy","itemsview___layouts___itemsresponsebacked___item":"79b00abe-54f8-40e3-94ff-b6fa237531d4","low_stock_label":false,"low_stock_variant":"none","on_sale_ind":{"buy_one_get_one":false,"cpg_coupon":false,"on_sale":false,"retailer":false},"product_category_name":"Chocolate Candies","product_id":"5628","restricted_for_targeting_and_sharing":false,"stock_level":"in_stock"},"itemCardRatingVariant":"hidden","itemCardQuickAddVariant":"control","itemCardDiscountBadgeVariant":"hide","itemCardLowStockLevelVariant":"visible","itemCardPricePerUnitVariant":"hide","quantityAttributesVariant":"eachAndWeight","hideActionsOnCartItemVariant":"true","itemCardHideQuickAddPriceVariant":"show","itemCardHideSizeVariant":"show","lowStockVariant":"none","boughtXTimesString":null,"requestAddString":null,"servingSizeString":null,"itemString":"Item","retailerReferenceCodeString":null,"retailerLookupCodeString":null,"variantDimensionsString":null,"tastingNotesString":null,"rewardProgramLabelString":null,"nameStringFormatted":{"id":"8fe673c4","sections":[{"id":"3e0de1a6","name":"bodymedium2","content":"Hershey's Cookies 'n' Creme Candy","__typename":"ViewFormattedStringSection"}],"__typename":"ViewFormattedString"},"taxStringFormatted":null,"fsaHsaEligibleString":null,"itemTransparentImage":null,"__typename":"ItemsResponseBackedItemSection"},"tags":[],"comboPromotions":[],"nutritionalAttributes":[{"viewSection":{"shortLabelString":"Sod","unitString":"mg","valueString":"110","__typename":"ItemsResponseBackedNutritionAttributeSection"},"__typename":"ItemsNutritionAttribute"},{"viewSection":{"shortLabelString":"Sug","unitString":"g","valueString":"21","__typename":"ItemsResponseBackedNutritionAttributeSection"},"__typename":"ItemsNutritionAttribute"},{"viewSection":{"shortLabelString":"Fat","unitString":"g","valueString":"11","__typename":"ItemsResponseBackedNutritionAttributeSection"},"__typename":"ItemsNutritionAttribute"},{"viewSection":{"shortLabelString":"Cal","unitString":"","valueString":"220","__typename":"ItemsResponseBackedNutritionAttributeSection"},"__typename":"ItemsNutritionAttribute"}],"__typename":"ItemsItem","price":{"id":"items_40286-5628","itemId":"items_40286-5628","debugProperties":{},"viewSection":{"badge":null,"itemCard":{"id":"items_response_backed:b604e165:item_price:26d76032:item_card","fullPriceString":null,"priceAriaLabelString":"$1.83","pricePerUnitString":null,"priceString":"$1.83","pricingUnitSecondaryString":null,"pricingUnitString":null,"trackingProperties":{"item_card_impression_id":"319cc5ba-adb2-4b1a-91a1-7298e8195405"},"discountHeaderString":null,"discountSubHeaderString":"off!","priceSuffixString":"","plainFullPriceString":null,"priceScreenReaderString":"Current price: $1.83","fullPriceScreenReaderString":null,"priceBackgroundVariant":"hide","loyaltyProgramVariant":"hide","pricingUnitConvergenceVariant":"variant","badgeVisibilityVariant":"hide","priceStringFormatted":{"id":"ceefcca9","sections":[{"id":"dcfedb3b","name":"small_currency_symbol","content":"$","__typename":"ViewFormattedStringSection"},{"id":"40d657ed","name":"dollar","content":"1","__typename":"ViewFormattedStringSection"},{"id":"a945ec74","name":"cents","content":"83","__typename":"ViewFormattedStringSection"}],"__typename":"ViewFormattedString"},"offerLabelStringFormatted":null,"loyaltyPriceStringFormatted":null,"nonLoyaltyPriceStringFormatted":null,"loyaltyPriceStringPositionVariant":"control","secondaryTopStringFormatted":null,"secondaryBottomStringFormatted":null,"smartDiscountFormattedAttributesString":null,"__typename":"ItemsResponseBackedItemPriceItemCardSection"},"itemDetails":{"dealAppliedLabelString":null,"dealAppliedSoFarMessageString":null,"fullPriceString":null,"mixAndMatchItemsTitleString":"Available Mix \u0026 Match items","mixAndMatchItemsVariant":"hide","priceAriaLabelString":"$1.83","priceEstimateVariant":"hide","pricePerUnitString":"$1.18/oz","priceString":"$1.83","pricingUnitSecondaryString":null,"pricingUnitString":null,"saleDisclaimerString":null,"addLoyaltyCardString":null,"loyaltyProgramVariant":"hide","secondaryTopStringFormatted":null,"secondaryBottomStringFormatted":null,"__typename":"ItemsResponseBackedItemPriceItemDetailsSection"},"sizeSelector":null,"fullPriceString":null,"priceString":"$1.83","priceValueString":"1.83","currencySymbolString":"$","trackingProperties":{"item_tasks":[],"on_sale_ind":{"loyalty":false},"price":"$1.83","price_data_source":"legacy","product_id":"5628"},"__typename":"ItemsResponseBackedItemPriceSection"},"parWeightTotalEstimate":{"id":"a5e50f68","viewSection":{"parWeightString":null,"__typename":"ItemsResponseBackedParWeightTotalEstimateSection"},"__typename":"ItemsParWeightTotalEstimate"},"greatPrice":null,"__typename":"ItemsItemPrice"}},{"id":"items_40286-35484","itemLoadId":null,"name":"Marinela Cinnas, 8 packs, Cinnamon Cookies","size":"16.96 oz","productId":"35484","legacyId":"1429898665","legacyV3Id":"item_1429898665","configurableProductId":null,"brandName":"marinela","brandId":"46272","evergreenUrl":"35484-marinela-canelitas-cinnamon-cookies-16-96-oz","inStoreItemLocation":null,"retailer":{"isUltrafast":false,"__typename":"RetailersRetailer"},"dietary":{"mlDietaryAttributes":null,"mlShoppingAttributes":["pescatarian"],"viewSection":{"attributesString":null,"attributeSections":[],"attributeBadgeImage":null,"__typename":"ItemsResponseBackedDietarySection"},"__typename":"ItemsDietary"},"itemEbt":null,"itemFreshFunds":null,"itemMedicare":null,"productRating":null,"productCanonicalUrl":null,"quantityAttributesEach":{"increment":1,"initial":1,"max":500,"min":1,"quantityType":"each","selectOptions":[1,2,3,4,5,6,7,8,9],"defaultSelectOption":1,"parWeight":null,"viewSection":{"maxedOutString":"Max 500 per order","minReachedString":null,"unitAriaString":"item","unitPluralAriaString":"items","unitPluralString":"ct","unitString":"ct","iconUnitTypeVisibilityVariant":"hide","variableWeightDisclaimerString":null,"variableWeightDisclaimerLongString":null,"totalWeightEstimateTemplateString":null,"totalWeightEstimateTemplatePluralString":null,"parWeightDisplayString":null,"quantityUnitVisibilityVariant":"show","stepperUnitTypeVisibilityVariant":"hide","__typename":"ItemsResponseBackedQuantityAttributesSection"},"__typename":"ItemsQuantityAttributes"},"quantityAttributesWeight":null,"quantityAttributes":{"increment":1,"initial":1,"max":500,"min":1,"quantityType":"each","selectOptions":[1,2,3,4,5,6,7,8,9],"defaultSelectOption":1,"parWeight":null,"viewSection":{"maxedOutString":"Max 500 per order","minReachedString":null,"unitAriaString":"item","unitPluralAriaString":"items","unitPluralString":"ct","unitString":"ct","iconUnitTypeVisibilityVariant":"hide","variableWeightDisclaimerString":null,"variableWeightDisclaimerLongString":null,"totalWeightEstimateTemplateString":null,"totalWeightEstimateTemplatePluralString":null,"parWeightDisplayString":null,"quantityUnitVisibilityVariant":"show","stepperUnitTypeVisibilityVariant":"hide","__typename":"ItemsResponseBackedQuantityAttributesSection"},"__typename":"ItemsQuantityAttributes"},"availability":{"available":true,"stockLevel":"inStock","blackoutTimes":null,"viewSection":{"stockLevelLabelString":"In stock","outOfStockCtaString":null,"similarItemsActionVariant":"none","warningIconImage":null,"__typename":"AvailabilityResponseBackedAvailabilitySection"},"__typename":"ItemsAvailability"},"variantGroup":null,"variantGroupId":null,"variantDimensionValues":[],"viewSection":{"itemImage":{"altText":null,"templateUrl":"https://www.instacart.com/image-server/{width=}x{height=}/filters:fill(FFFFFF,true):format(jpg)/d2lnr5mha7bycj.cloudfront.net/product-image/file/large_55c1cb80-81b8-4666-bd55-be01f280e514.png","url":"https://d2lnr5mha7bycj.cloudfront.net/product-image/file/large_55c1cb80-81b8-4666-bd55-be01f280e514.png","__typename":"Image"},"trackingProperties":{"availability_score":0.8972,"available_ind":true,"blackout":false,"element_attributes":{"attributes":[],"low_stock_label":false},"element_details":{"element_id":"items_40286-35484","element_type":"item","item_tags":[],"product_id":"35484","retailer_id":"1253","retailer_location_id":"40286"},"external_sku_id":null,"item_id":"1429898665","item_name":"Marinela Cinnas, 8 packs, Cinnamon Cookies","itemsview___layouts___itemsresponsebacked___item":"93b546de-8015-4173-a6a4-1b0eaea91d4b","low_stock_label":false,"low_stock_variant":"none","on_sale_ind":{"buy_one_get_one":false,"cpg_coupon":false,"on_sale":false,"retailer":false},"product_category_name":"Packaged Cookies","product_id":"35484","restricted_for_targeting_and_sharing":false,"stock_level":"in_stock"},"itemCardRatingVariant":"hidden","itemCardQuickAddVariant":"control","itemCardDiscountBadgeVariant":"hide","itemCardLowStockLevelVariant":"visible","itemCardPricePerUnitVariant":"hide","quantityAttributesVariant":"eachAndWeight","hideActionsOnCartItemVariant":"true","itemCardHideQuickAddPriceVariant":"show","itemCardHideSizeVariant":"show","lowStockVariant":"none","boughtXTimesString":null,"requestAddString":null,"servingSizeString":null,"itemString":"Item","retailerReferenceCodeString":null,"retailerLookupCodeString":null,"variantDimensionsString":null,"tastingNotesString":null,"rewardProgramLabelString":null,"nameStringFormatted":{"id":"98a2eb7b","sections":[{"id":"aa3371d9","name":"bodymedium2","content":"Marinela Cinnas, 8 packs, Cinnamon Cookies","__typename":"ViewFormattedStringSection"}],"__typename":"ViewFormattedString"},"taxStringFormatted":null,"fsaHsaEligibleString":null,"itemTransparentImage":null,"__typename":"ItemsResponseBackedItemSection"},"tags":[],"comboPromotions":[],"nutritionalAttributes":[{"viewSection":{"shortLabelString":"Sod","unitString":"mg","valueString":"65","__typename":"ItemsResponseBackedNutritionAttributeSection"},"__typename":"ItemsNutritionAttribute"},{"viewSection":{"shortLabelString":"Sug","unitString":"g","valueString":"7","__typename":"ItemsResponseBackedNutritionAttributeSection"},"__typename":"ItemsNutritionAttribute"},{"viewSection":{"shortLabelString":"Fat","unitString":"g","valueString":"5","__typename":"ItemsResponseBackedNutritionAttributeSection"},"__typename":"ItemsNutritionAttribute"},{"viewSection":{"shortLabelString":"Cal","unitString":"","valueString":"140","__typename":"ItemsResponseBackedNutritionAttributeSection"},"__typename":"ItemsNutritionAttribute"}],"__typename":"ItemsItem","price":{"id":"items_40286-35484","itemId":"items_40286-35484","debugProperties":{},"viewSection":{"badge":null,"itemCard":{"id":"items_response_backed:a5f8c73b:item_price:bc299dde:item_card","fullPriceString":null,"priceAriaLabelString":"$5.70","pricePerUnitString":null,"priceString":"$5.70","pricingUnitSecondaryString":null,"pricingUnitString":"16.96 oz","trackingProperties":{"item_card_impression_id":"fe5b3ff9-61bd-4a0a-acf8-184e6c6f6f9a"},"discountHeaderString":null,"discountSubHeaderString":"off!","priceSuffixString":"","plainFullPriceString":null,"priceScreenReaderString":"Current price: $5.70","fullPriceScreenReaderString":null,"priceBackgroundVariant":"hide","loyaltyProgramVariant":"hide","pricingUnitConvergenceVariant":"variant","badgeVisibilityVariant":"hide","priceStringFormatted":{"id":"33d49b97","sections":[{"id":"f54b6521","name":"small_currency_symbol","content":"$","__typename":"ViewFormattedStringSection"},{"id":"cd6978ea","name":"dollar","content":"5","__typename":"ViewFormattedStringSection"},{"id":"0ca64d18","name":"cents","content":"70","__typename":"ViewFormattedStringSection"}],"__typename":"ViewFormattedString"},"offerLabelStringFormatted":null,"loyaltyPriceStringFormatted":null,"nonLoyaltyPriceStringFormatted":null,"loyaltyPriceStringPositionVariant":"control","secondaryTopStringFormatted":null,"secondaryBottomStringFormatted":null,"smartDiscountFormattedAttributesString":null,"__typename":"ItemsResponseBackedItemPriceItemCardSection"},"itemDetails":{"dealAppliedLabelString":null,"dealAppliedSoFarMessageString":null,"fullPriceString":null,"mixAndMatchItemsTitleString":"Available Mix \u0026 Match items","mixAndMatchItemsVariant":"hide","priceAriaLabelString":"$5.70","priceEstimateVariant":"hide","pricePerUnitString":"$0.34/oz","priceString":"$5.70","pricingUnitSecondaryString":null,"pricingUnitString":"16.96 oz","saleDisclaimerString":null,"addLoyaltyCardString":null,"loyaltyProgramVariant":"hide","secondaryTopStringFormatted":null,"secondaryBottomStringFormatted":null,"__typename":"ItemsResponseBackedItemPriceItemDetailsSection"},"sizeSelector":null,"fullPriceString":null,"priceString":"$5.70","priceValueString":"5.7","currencySymbolString":"$","trackingProperties":{"item_tasks":[],"on_sale_ind":{"loyalty":false},"price":"$5.70","price_data_source":"legacy","product_id":"35484"},"__typename":"ItemsResponseBackedItemPriceSection"},"parWeightTotalEstimate":{"id":"323bf37d","viewSection":{"parWeightString":null,"__typename":"ItemsResponseBackedParWeightTotalEstimateSection"},"__typename":"ItemsParWeightTotalEstimate"},"greatPrice":null,"__typename":"ItemsItemPrice"}},{"id":"items_40286-21163641","itemLoadId":null,"name":"L Compas Chili Mango","size":"3 oz","productId":"21163641","legacyId":"1439044857","legacyV3Id":"item_1439044857","configurableProductId":null,"brandName":null,"brandId":null,"evergreenUrl":"21163641-l-compas-chili-mango-3-oz","inStoreItemLocation":null,"retailer":{"isUltrafast":false,"__typename":"RetailersRetailer"},"dietary":{"mlDietaryAttributes":null,"mlShoppingAttributes":[],"viewSection":{"attributesString":null,"attributeSections":[],"attributeBadgeImage":null,"__typename":"ItemsResponseBackedDietarySection"},"__typename":"ItemsDietary"},"itemEbt":null,"itemFreshFunds":null,"itemMedicare":null,"productRating":null,"productCanonicalUrl":null,"quantityAttributesEach":{"increment":1,"initial":1,"max":500,"min":1,"quantityType":"each","selectOptions":[1,2,3,4,5,6,7,8,9],"defaultSelectOption":1,"parWeight":null,"viewSection":{"maxedOutString":"Max 500 per order","minReachedString":null,"unitAriaString":"item","unitPluralAriaString":"items","unitPluralString":"ct","unitString":"ct","iconUnitTypeVisibilityVariant":"hide","variableWeightDisclaimerString":null,"variableWeightDisclaimerLongString":null,"totalWeightEstimateTemplateString":null,"totalWeightEstimateTemplatePluralString":null,"parWeightDisplayString":null,"quantityUnitVisibilityVariant":"show","stepperUnitTypeVisibilityVariant":"hide","__typename":"ItemsResponseBackedQuantityAttributesSection"},"__typename":"ItemsQuantityAttributes"},"quantityAttributesWeight":null,"quantityAttributes":{"increment":1,"initial":1,"max":500,"min":1,"quantityType":"each","selectOptions":[1,2,3,4,5,6,7,8,9],"defaultSelectOption":1,"parWeight":null,"viewSection":{"maxedOutString":"Max 500 per order","minReachedString":null,"unitAriaString":"item","unitPluralAriaString":"items","unitPluralString":"ct","unitString":"ct","iconUnitTypeVisibilityVariant":"hide","variableWeightDisclaimerString":null,"variableWeightDisclaimerLongString":null,"totalWeightEstimateTemplateString":null,"totalWeightEstimateTemplatePluralString":null,"parWeightDisplayString":null,"quantityUnitVisibilityVariant":"show","stepperUnitTypeVisibilityVariant":"hide","__typename":"ItemsResponseBackedQuantityAttributesSection"},"__typename":"ItemsQuantityAttributes"},"availability":{"available":true,"stockLevel":"inStock","blackoutTimes":null,"viewSection":{"stockLevelLabelString":"In stock","outOfStockCtaString":null,"similarItemsActionVariant":"none","warningIconImage":null,"__typename":"AvailabilityResponseBackedAvailabilitySection"},"__typename":"ItemsAvailability"},"variantGroup":null,"variantGroupId":null,"variantDimensionValues":[],"viewSection":{"itemImage":{"altText":null,"templateUrl":"https://www.instacart.com/image-server/{width=}x{height=}/filters:fill(FFFFFF,true):format(jpg)/d2lnr5mha7bycj.cloudfront.net/product-image/file/large_cd9e4801-b73e-47d5-9072-688330b8784b.jpg","url":"https://d2lnr5mha7bycj.cloudfront.net/product-image/file/large_cd9e4801-b73e-47d5-9072-688330b8784b.jpg","__typename":"Image"},"trackingProperties":{"availability_score":0.7774,"available_ind":true,"blackout":false,"element_attributes":{"attributes":[],"low_stock_label":false},"element_details":{"element_id":"items_40286-21163641","element_type":"item","item_tags":[],"product_id":"21163641","retailer_id":"1253","retailer_location_id":"40286"},"external_sku_id":null,"item_id":"1439044857","item_name":"L Compas Chili Mango","itemsview___layouts___itemsresponsebacked___item":"7d016c91-1195-4cc8-8792-813687405aa0","low_stock_label":false,"low_stock_variant":"none","on_sale_ind":{"buy_one_get_one":false,"cpg_coupon":false,"on_sale":false,"retailer":false},"product_category_name":"Dried Mango","product_id":"21163641","restricted_for_targeting_and_sharing":false,"stock_level":"in_stock"},"itemCardRatingVariant":"hidden","itemCardQuickAddVariant":"control","itemCardDiscountBadgeVariant":"hide","itemCardLowStockLevelVariant":"visible","itemCardPricePerUnitVariant":"hide","quantityAttributesVariant":"eachAndWeight","hideActionsOnCartItemVariant":"true","itemCardHideQuickAddPriceVariant":"show","itemCardHideSizeVariant":"show","lowStockVariant":"none","boughtXTimesString":null,"requestAddString":null,"servingSizeString":null,"itemString":"Item","retailerReferenceCodeString":null,"retailerLookupCodeString":null,"variantDimensionsString":null,"tastingNotesString":null,"rewardProgramLabelString":null,"nameStringFormatted":{"id":"31a0154e","sections":[{"id":"883ca805","name":"bodymedium2","content":"L Compas Chili Mango","__typename":"ViewFormattedStringSection"}],"__typename":"ViewFormattedString"},"taxStringFormatted":null,"fsaHsaEligibleString":null,"itemTransparentImage":null,"__typename":"ItemsResponseBackedItemSection"},"tags":[],"comboPromotions":[],"nutritionalAttributes":null,"__typename":"ItemsItem","price":{"id":"items_40286-21163641","itemId":"items_40286-21163641","debugProperties":{},"viewSection":{"badge":null,"itemCard":{"id":"items_response_backed:792222ad:item_price:4b48a74b:item_card","fullPriceString":null,"priceAriaLabelString":"$2.42","pricePerUnitString":null,"priceString":"$2.42","pricingUnitSecondaryString":null,"pricingUnitString":"3 oz","trackingProperties":{"item_card_impression_id":"b8ad6b91-8b6f-4fe8-b115-ccfdefbc4d9a"},"discountHeaderString":null,"discountSubHeaderString":"off!","priceSuffixString":"","plainFullPriceString":null,"priceScreenReaderString":"Current price: $2.42","fullPriceScreenReaderString":null,"priceBackgroundVariant":"hide","loyaltyProgramVariant":"hide","pricingUnitConvergenceVariant":"variant","badgeVisibilityVariant":"hide","priceStringFormatted":{"id":"f87e39a1","sections":[{"id":"35835316","name":"small_currency_symbol","content":"$","__typename":"ViewFormattedStringSection"},{"id":"a7b6040d","name":"dollar","content":"2","__typename":"ViewFormattedStringSection"},{"id":"9e630aa0","name":"cents","content":"42","__typename":"ViewFormattedStringSection"}],"__typename":"ViewFormattedString"},"offerLabelStringFormatted":null,"loyaltyPriceStringFormatted":null,"nonLoyaltyPriceStringFormatted":null,"loyaltyPriceStringPositionVariant":"control","secondaryTopStringFormatted":null,"secondaryBottomStringFormatted":null,"smartDiscountFormattedAttributesString":null,"__typename":"ItemsResponseBackedItemPriceItemCardSection"},"itemDetails":{"dealAppliedLabelString":null,"dealAppliedSoFarMessageString":null,"fullPriceString":null,"mixAndMatchItemsTitleString":"Available Mix \u0026 Match items","mixAndMatchItemsVariant":"hide","priceAriaLabelString":"$2.42","priceEstimateVariant":"hide","pricePerUnitString":"$0.81/oz","priceString":"$2.42","pricingUnitSecondaryString":null,"pricingUnitString":"3 oz","saleDisclaimerString":null,"addLoyaltyCardString":null,"loyaltyProgramVariant":"hide","secondaryTopStringFormatted":null,"secondaryBottomStringFormatted":null,"__typename":"ItemsResponseBackedItemPriceItemDetailsSection"},"sizeSelector":null,"fullPriceString":null,"priceString":"$2.42","priceValueString":"2.42","currencySymbolString":"$","trackingProperties":{"item_tasks":[],"on_sale_ind":{"loyalty":false},"price":"$2.42","price_data_source":"legacy","product_id":"21163641"},"__typename":"ItemsResponseBackedItemPriceSection"},"parWeightTotalEstimate":{"id":"b3cdeaac","viewSection":{"parWeightString":null,"__typename":"ItemsResponseBackedParWeightTotalEstimateSection"},"__typename":"ItemsParWeightTotalEstimate"},"greatPrice":null,"__typename":"ItemsItemPrice"}},{"id":"items_40286-16715189","itemLoadId":null,"name":"Alamo Candy Co. Blood Crawlers Gummy Worms","size":"8 oz","productId":"16715189","legacyId":"1430747223","legacyV3Id":"item_1430747223","configurableProductId":null,"brandName":"alamo candy co.","brandId":"193867","evergreenUrl":"16715189-alamo-candy-blood-crawlers-gummy-worms-in-chamoy-tub-8-oz","inStoreItemLocation":null,"retailer":{"isUltrafast":false,"__typename":"RetailersRetailer"},"dietary":{"mlDietaryAttributes":null,"mlShoppingAttributes":[],"viewSection":{"attributesString":null,"attributeSections":[],"attributeBadgeImage":null,"__typename":"ItemsResponseBackedDietarySection"},"__typename":"ItemsDietary"},"itemEbt":null,"itemFreshFunds":null,"itemMedicare":null,"productRating":null,"productCanonicalUrl":null,"quantityAttributesEach":{"increment":1,"initial":1,"max":500,"min":1,"quantityType":"each","selectOptions":[1,2,3,4,5,6,7,8,9],"defaultSelectOption":1,"parWeight":null,"viewSection":{"maxedOutString":"Max 500 per order","minReachedString":null,"unitAriaString":"item","unitPluralAriaString":"items","unitPluralString":"ct","unitString":"ct","iconUnitTypeVisibilityVariant":"hide","variableWeightDisclaimerString":null,"variableWeightDisclaimerLongString":null,"totalWeightEstimateTemplateString":null,"totalWeightEstimateTemplatePluralString":null,"parWeightDisplayString":null,"quantityUnitVisibilityVariant":"show","stepperUnitTypeVisibilityVariant":"hide","__typename":"ItemsResponseBackedQuantityAttributesSection"},"__typename":"ItemsQuantityAttributes"},"quantityAttributesWeight":null,"quantityAttributes":{"increment":1,"initial":1,"max":500,"min":1,"quantityType":"each","selectOptions":[1,2,3,4,5,6,7,8,9],"defaultSelectOption":1,"parWeight":null,"viewSection":{"maxedOutString":"Max 500 per order","minReachedString":null,"unitAriaString":"item","unitPluralAriaString":"items","unitPluralString":"ct","unitString":"ct","iconUnitTypeVisibilityVariant":"hide","variableWeightDisclaimerString":null,"variableWeightDisclaimerLongString":null,"totalWeightEstimateTemplateString":null,"totalWeightEstimateTemplatePluralString":null,"parWeightDisplayString":null,"quantityUnitVisibilityVariant":"show","stepperUnitTypeVisibilityVariant":"hide","__typename":"ItemsResponseBackedQuantityAttributesSection"},"__typename":"ItemsQuantityAttributes"},"availability":{"available":true,"stockLevel":"inStock","blackoutTimes":null,"viewSection":{"stockLevelLabelString":"In stock","outOfStockCtaString":null,"similarItemsActionVariant":"none","warningIconImage":null,"__typename":"AvailabilityResponseBackedAvailabilitySection"},"__typename":"ItemsAvailability"},"variantGroup":null,"variantGroupId":null,"variantDimensionValues":[],"viewSection":{"itemImage":{"altText":null,"templateUrl":"https://www.instacart.com/image-server/{width=}x{height=}/filters:fill(FFFFFF,true):format(jpg)/d2lnr5mha7bycj.cloudfront.net/product-image/file/large_82d571fe-6745-48a1-8f22-d52bc8b8b0e1.jpg","url":"https://d2lnr5mha7bycj.cloudfront.net/product-image/file/large_82d571fe-6745-48a1-8f22-d52bc8b8b0e1.jpg","__typename":"Image"},"trackingProperties":{"availability_score":0.8457,"available_ind":true,"blackout":false,"element_attributes":{"attributes":[],"low_stock_label":false},"element_details":{"element_id":"items_40286-16715189","element_type":"item","item_tags":[],"product_id":"16715189","retailer_id":"1253","retailer_location_id":"40286"},"external_sku_id":null,"item_id":"1430747223","item_name":"Alamo Candy Co. Blood Crawlers Gummy Worms","itemsview___layouts___itemsresponsebacked___item":"ca4dbbbc-fcbe-4826-a83e-07c1f327b0d8","low_stock_label":false,"low_stock_variant":"none","on_sale_ind":{"buy_one_get_one":false,"cpg_coupon":false,"on_sale":false,"retailer":false},"product_category_name":"Gummy Candies","product_id":"16715189","restricted_for_targeting_and_sharing":false,"stock_level":"in_stock"},"itemCardRatingVariant":"hidden","itemCardQuickAddVariant":"control","itemCardDiscountBadgeVariant":"hide","itemCardLowStockLevelVariant":"visible","itemCardPricePerUnitVariant":"hide","quantityAttributesVariant":"eachAndWeight","hideActionsOnCartItemVariant":"true","itemCardHideQuickAddPriceVariant":"show","itemCardHideSizeVariant":"show","lowStockVariant":"none","boughtXTimesString":null,"requestAddString":null,"servingSizeString":null,"itemString":"Item","retailerReferenceCodeString":null,"retailerLookupCodeString":null,"variantDimensionsString":null,"tastingNotesString":null,"rewardProgramLabelString":null,"nameStringFormatted":{"id":"fe4f8169","sections":[{"id":"fbb98fb7","name":"bodymedium2","content":"Alamo Candy Co. Blood Crawlers Gummy Worms","__typename":"ViewFormattedStringSection"}],"__typename":"ViewFormattedString"},"taxStringFormatted":null,"fsaHsaEligibleString":null,"itemTransparentImage":null,"__typename":"ItemsResponseBackedItemSection"},"tags":[],"comboPromotions":[],"nutritionalAttributes":[{"viewSection":{"shortLabelString":"Sod","unitString":"mg","valueString":"230","__typename":"ItemsResponseBackedNutritionAttributeSection"},"__typename":"ItemsNutritionAttribute"},{"viewSection":{"shortLabelString":"Sug","unitString":"g","valueString":"6","__typename":"ItemsResponseBackedNutritionAttributeSection"},"__typename":"ItemsNutritionAttribute"},{"viewSection":{"shortLabelString":"Fat","unitString":"g","valueString":"0","__typename":"ItemsResponseBackedNutritionAttributeSection"},"__typename":"ItemsNutritionAttribute"},{"viewSection":{"shortLabelString":"Cal","unitString":"","valueString":"90","__typename":"ItemsResponseBackedNutritionAttributeSection"},"__typename":"ItemsNutritionAttribute"}],"__typename":"ItemsItem","price":{"id":"items_40286-16715189","itemId":"items_40286-16715189","debugProperties":{},"viewSection":{"badge":null,"itemCard":{"id":"items_response_backed:691492d6:item_price:7d4aaef5:item_card","fullPriceString":null,"priceAriaLabelString":"$5.91","pricePerUnitString":null,"priceString":"$5.91","pricingUnitSecondaryString":null,"pricingUnitString":"8 oz","trackingProperties":{"item_card_impression_id":"6c5bc5f6-eadb-428f-9752-a7650344dbc2"},"discountHeaderString":null,"discountSubHeaderString":"off!","priceSuffixString":"","plainFullPriceString":null,"priceScreenReaderString":"Current price: $5.91","fullPriceScreenReaderString":null,"priceBackgroundVariant":"hide","loyaltyProgramVariant":"hide","pricingUnitConvergenceVariant":"variant","badgeVisibilityVariant":"hide","priceStringFormatted":{"id":"a78bb9a5","sections":[{"id":"56b70462","name":"small_currency_symbol","content":"$","__typename":"ViewFormattedStringSection"},{"id":"c060fc67","name":"dollar","content":"5","__typename":"ViewFormattedStringSection"},{"id":"83a8ce88","name":"cents","content":"91","__typename":"ViewFormattedStringSection"}],"__typename":"ViewFormattedString"},"offerLabelStringFormatted":null,"loyaltyPriceStringFormatted":null,"nonLoyaltyPriceStringFormatted":null,"loyaltyPriceStringPositionVariant":"control","secondaryTopStringFormatted":null,"secondaryBottomStringFormatted":null,"smartDiscountFormattedAttributesString":null,"__typename":"ItemsResponseBackedItemPriceItemCardSection"},"itemDetails":{"dealAppliedLabelString":null,"dealAppliedSoFarMessageString":null,"fullPriceString":null,"mixAndMatchItemsTitleString":"Available Mix \u0026 Match items","mixAndMatchItemsVariant":"hide","priceAriaLabelString":"$5.91","priceEstimateVariant":"hide","pricePerUnitString":"$0.74/oz","priceString":"$5.91","pricingUnitSecondaryString":null,"pricingUnitString":"8 oz","saleDisclaimerString":null,"addLoyaltyCardString":null,"loyaltyProgramVariant":"hide","secondaryTopStringFormatted":null,"secondaryBottomStringFormatted":null,"__typename":"ItemsResponseBackedItemPriceItemDetailsSection"},"sizeSelector":null,"fullPriceString":null,"priceString":"$5.91","priceValueString":"5.91","currencySymbolString":"$","trackingProperties":{"item_tasks":[],"on_sale_ind":{"loyalty":false},"price":"$5.91","price_data_source":"legacy","product_id":"16715189"},"__typename":"ItemsResponseBackedItemPriceSection"},"parWeightTotalEstimate":{"id":"bfd4a01b","viewSection":{"parWeightString":null,"__typename":"ItemsResponseBackedParWeightTotalEstimateSection"},"__typename":"ItemsParWeightTotalEstimate"},"greatPrice":null,"__typename":"ItemsItemPrice"}}]}}]]></response>
    <comment></comment>
  </item>
  <item>
    <time>Fri Sep 05 13:46:27 CDT 2025</time>
    <url><![CDATA[https://lamichoacanameatmarket.instacart.com/graphql?operationName=Items&variables=%7B%22ids%22%3A%5B%22items_40286-43124%22%2C%22items_40286-16848067%22%5D%2C%22shopId%22%3A%2253963%22%2C%22zoneId%22%3A%2293%22%2C%22postalCode%22%3A%2277084%22%7D&extensions=%7B%22persistedQuery%22%3A%7B%22version%22%3A1%2C%22sha256Hash%22%3A%226474c319c75c5357b0a4f646e1d3a01dd805c5fd917d7a90906ecb84a1bad8b1%22%7D%7D]]></url>
    <host ip="104.18.41.34">lamichoacanameatmarket.instacart.com</host>
    <port>443</port>
    <protocol>https</protocol>
    <method><![CDATA[GET]]></method>
    <path><![CDATA[/graphql?operationName=Items&variables=%7B%22ids%22%3A%5B%22items_40286-43124%22%2C%22items_40286-16848067%22%5D%2C%22shopId%22%3A%2253963%22%2C%22zoneId%22%3A%2293%22%2C%22postalCode%22%3A%2277084%22%7D&extensions=%7B%22persistedQuery%22%3A%7B%22version%22%3A1%2C%22sha256Hash%22%3A%226474c319c75c5357b0a4f646e1d3a01dd805c5fd917d7a90906ecb84a1bad8b1%22%7D%7D]]></path>
    <extension>null</extension>
    <request base64="false"><![CDATA[GET /graphql?operationName=Items&variables=%7B%22ids%22%3A%5B%22items_40286-43124%22%2C%22items_40286-16848067%22%5D%2C%22shopId%22%3A%2253963%22%2C%22zoneId%22%3A%2293%22%2C%22postalCode%22%3A%2277084%22%7D&extensions=%7B%22persistedQuery%22%3A%7B%22version%22%3A1%2C%22sha256Hash%22%3A%226474c319c75c5357b0a4f646e1d3a01dd805c5fd917d7a90906ecb84a1bad8b1%22%7D%7D HTTP/2
Host: lamichoacanameatmarket.instacart.com
Cookie: ajs_anonymous_id=ea2155a8-97ff-4b0e-b45e-39cf0739f40e; fpc_bpm=6c408fe3-8b36-4eb3-845158ee784ea186; _gcl_au=1.1.2092369738.1757096439; _scid=fThUJkdGap-1v9ZjbqZqSXFNEKdvn5uL; _sctr=1%7C1757048400000; _ga_VL5WVTXMWP=GS2.1.s1757097305$o1$g1$t1757097519$j13$l0$h0; _ga=GA1.1.206219771.1757097305; _ga_TS6NTR6J66=GS2.1.s1757097305$o1$g0$t1757097308$j57$l0$h0; shoppers_instacart_session=ZjJBblo0ODN4cW9WTDRhYmZ1MTFiNUtKeiswKy9Pa1VITGFHUXJMK2ROemk0RDJtUUJTcUtJQi9kZzYrK3NVWms1VHpqaXNYSXJacHp0c3BSaWZ5S0FqMVZrdnVwTU9QbEVyNkYxTDJyazhtQWZ6cmdYSU1odkZORG1PZGI4eUoxZHpvL3dFRyttOUxjS0tMSlRsaER3PT0tLU9pRSs5RWJKRWovYTlUSkJIajcwWWc9PQ%3D%3D--a284366cb4b21bf28cb51803cf47037da3a143fd; _ga_7JY7T788PK=GS2.1.s1757097523$o1$g1$t1757097603$j60$l0$h0; ahoy_visit=c99e7a2d-9d40-49cb-b4e2-6e639fe6cc2e; ahoy_visitor=4bf6fbc6-dd1e-46fb-80b3-348b38a425ad; __cf_bm=kITVkaBd39DAgq3Fr0jswHrvswXPz0F1mwgCjJucYyU-1757097636-1.0.1.1-0wLLpGm.7Lc755LxYKGa8XHRxrFB1FlrtrhfoXb_3eQEw_PxcU4PpSHh6cSD1y3e1ERxSARRs_hcYeAu1SOpGK3yvDbO1ov49PUj8nwwciA; build_sha=c27e69482ce558c6064666550c97cc2e857c996e; accessibleColorsEnabled=false; forterToken=f7fe3fe0a0154968b2655c5e926e2edf_1757097973894__UDF43-m4_24ck_; _scid_r=jLhUJkdGap-1v9ZjbqZqSXFNEKdvn5uLKZ53jg; _uetsid=06cf2b608a8511f087a3e9c9c9f94d50; _uetvid=06cf13508a8511f0b6648300830ef8b5; __Host-instacart_sid=v2.3fafb1b29cb3d0.9DmSwvi6sF0lcqedks9OtrwE9nBpcA-xpzM16fy8sOM; known_visitor=%7Cadelheidsalmon%40somoj.com%7Cemail_code; X-IC-bcx=1; aws-waf-token=a338d369-ef0a-49cc-a2f4-d8fb10e9df1c:EQoAjv+CilH2AAAA:JjgTyKY3qmSddHHXgyvPXPUL7h6DqNdVGaqcquM9VjzAGjo8RE8q0DpqX+RPVQkVhbW9huD/OhCr6SgrU1hLK5zInhA1q0dRdg5Fp4/JQaA+yYxiA3V3uuzb+8IHTgAn0Fi6zgCs3XVc/YJ/V8Ssn6xlu2XeM+Mrs+NGEW82a8pC+qrCCnMltd25xyCq0ino30wJ3w15Fbmy659bKhnnPMeZSQfw; _dd_s=logs=0&expire=1757098874705; ajs_user_id=17926101273457616; __stripe_mid=6c9fc8d2-ee45-42c9-94ec-f47eab4b785e04efe9; __stripe_sid=7a931703-8d0a-49c2-8415-1dc5f6b3908d0fb532
User-Agent: Mozilla/5.0 (X11; Linux x86_64; rv:128.0) Gecko/20100101 Firefox/128.0
Accept: */*
Accept-Language: en-US,en;q=0.5
Accept-Encoding: gzip, deflate, br
Referer: https://lamichoacanameatmarket.instacart.com/store/la-michoacana-meat-market/storefront
Content-Type: application/json
X-Client-Identifier: web
X-Page-View-Id: b312d70a-ee4e-5434-b023-b90f4d4f4d2c
X-Ic-View-Layer: true
Sec-Fetch-Dest: empty
Sec-Fetch-Mode: cors
Sec-Fetch-Site: same-origin
Priority: u=4
Te: trailers

]]></request>
    <status>200</status>
    <responselength>20226</responselength>
    <mimetype>JSON</mimetype>
    <response base64="false"><![CDATA[HTTP/2 200 OK
Date: Fri, 05 Sep 2025 18:46:27 GMT
Content-Type: application/json
Cache-Control: no-store
Ic-Request-Id: 764974d2-d584-4717-a4e9-9231206ed988
Server-Timing: runtime;desc="Application Runtime";dur=216, requestId;desc="764974d2-d584-4717-a4e9-9231206ed988";dur=0
X-Request-Id: 764974d2-d584-4717-a4e9-9231206ed988
Strict-Transport-Security: max-age=31536000; includeSubDomains; preload
Vary: accept-encoding
Cf-Cache-Status: DYNAMIC
X-Content-Type-Options: nosniff
Server: cloudflare
Cf-Ray: 97a7e3b47de75bce-TUN
Alt-Svc: h3=":443"; ma=86400

{"data":{"items":[{"id":"items_40286-43124","itemLoadId":null,"name":"Tostitos Salsa Con Queso, Medium","size":"15 oz","productId":"43124","legacyId":"1430797452","legacyV3Id":"item_1430797452","configurableProductId":null,"brandName":"tostitos","brandId":"211408","evergreenUrl":"43124-tostitos-con-queso-salsa-dip-15-oz","inStoreItemLocation":null,"retailer":{"isUltrafast":false,"__typename":"RetailersRetailer"},"dietary":{"mlDietaryAttributes":null,"mlShoppingAttributes":["pescatarian"],"viewSection":{"attributesString":null,"attributeSections":[],"attributeBadgeImage":null,"__typename":"ItemsResponseBackedDietarySection"},"__typename":"ItemsDietary"},"itemEbt":null,"itemFreshFunds":null,"itemMedicare":null,"productRating":null,"productCanonicalUrl":null,"quantityAttributesEach":{"increment":1,"initial":1,"max":500,"min":1,"quantityType":"each","selectOptions":[1,2,3,4,5,6,7,8,9],"defaultSelectOption":1,"parWeight":null,"viewSection":{"maxedOutString":"Max 500 per order","minReachedString":null,"unitAriaString":"item","unitPluralAriaString":"items","unitPluralString":"ct","unitString":"ct","iconUnitTypeVisibilityVariant":"hide","variableWeightDisclaimerString":null,"variableWeightDisclaimerLongString":null,"totalWeightEstimateTemplateString":null,"totalWeightEstimateTemplatePluralString":null,"parWeightDisplayString":null,"quantityUnitVisibilityVariant":"show","stepperUnitTypeVisibilityVariant":"hide","__typename":"ItemsResponseBackedQuantityAttributesSection"},"__typename":"ItemsQuantityAttributes"},"quantityAttributesWeight":null,"quantityAttributes":{"increment":1,"initial":1,"max":500,"min":1,"quantityType":"each","selectOptions":[1,2,3,4,5,6,7,8,9],"defaultSelectOption":1,"parWeight":null,"viewSection":{"maxedOutString":"Max 500 per order","minReachedString":null,"unitAriaString":"item","unitPluralAriaString":"items","unitPluralString":"ct","unitString":"ct","iconUnitTypeVisibilityVariant":"hide","variableWeightDisclaimerString":null,"variableWeightDisclaimerLongString":null,"totalWeightEstimateTemplateString":null,"totalWeightEstimateTemplatePluralString":null,"parWeightDisplayString":null,"quantityUnitVisibilityVariant":"show","stepperUnitTypeVisibilityVariant":"hide","__typename":"ItemsResponseBackedQuantityAttributesSection"},"__typename":"ItemsQuantityAttributes"},"availability":{"available":true,"stockLevel":"inStock","blackoutTimes":null,"viewSection":{"stockLevelLabelString":"In stock","outOfStockCtaString":null,"similarItemsActionVariant":"none","warningIconImage":null,"__typename":"AvailabilityResponseBackedAvailabilitySection"},"__typename":"ItemsAvailability"},"variantGroup":null,"variantGroupId":null,"variantDimensionValues":[],"viewSection":{"itemImage":{"altText":null,"templateUrl":"https://www.instacart.com/image-server/{width=}x{height=}/filters:fill(FFFFFF,true):format(jpg)/d2lnr5mha7bycj.cloudfront.net/product-image/file/large_1e873afe-6672-4e73-89b0-e4753e22815c.png","url":"https://d2lnr5mha7bycj.cloudfront.net/product-image/file/large_1e873afe-6672-4e73-89b0-e4753e22815c.png","__typename":"Image"},"trackingProperties":{"availability_score":0.8654,"available_ind":true,"blackout":false,"element_attributes":{"attributes":[],"low_stock_label":false},"element_details":{"element_id":"items_40286-43124","element_type":"item","item_tags":[],"product_id":"43124","retailer_id":"1253","retailer_location_id":"40286"},"external_sku_id":null,"item_id":"1430797452","item_name":"Tostitos Salsa Con Queso, Medium","itemsview___layouts___itemsresponsebacked___item":"271972bf-4055-4b86-850a-e5b824401e2b","low_stock_label":false,"low_stock_variant":"none","on_sale_ind":{"buy_one_get_one":false,"cpg_coupon":true,"on_sale":false,"retailer":false},"product_category_name":"Shelf Stable Dips","product_id":"43124","restricted_for_targeting_and_sharing":false,"stock_level":"in_stock"},"itemCardRatingVariant":"hidden","itemCardQuickAddVariant":"control","itemCardDiscountBadgeVariant":"hide","itemCardLowStockLevelVariant":"visible","itemCardPricePerUnitVariant":"hide","quantityAttributesVariant":"eachAndWeight","hideActionsOnCartItemVariant":"true","itemCardHideQuickAddPriceVariant":"show","itemCardHideSizeVariant":"show","lowStockVariant":"none","boughtXTimesString":null,"requestAddString":null,"servingSizeString":null,"itemString":"Item","retailerReferenceCodeString":null,"retailerLookupCodeString":null,"variantDimensionsString":null,"tastingNotesString":null,"rewardProgramLabelString":null,"nameStringFormatted":{"id":"aea06e9d","sections":[{"id":"3b5c9577","name":"bodymedium2","content":"Tostitos Salsa Con Queso, Medium","__typename":"ViewFormattedStringSection"}],"__typename":"ViewFormattedString"},"taxStringFormatted":null,"fsaHsaEligibleString":null,"itemTransparentImage":null,"__typename":"ItemsResponseBackedItemSection"},"tags":[],"comboPromotions":[],"nutritionalAttributes":[{"viewSection":{"shortLabelString":"Sod","unitString":"mg","valueString":"280","__typename":"ItemsResponseBackedNutritionAttributeSection"},"__typename":"ItemsNutritionAttribute"},{"viewSection":{"shortLabelString":"Sug","unitString":"g","valueString":"1","__typename":"ItemsResponseBackedNutritionAttributeSection"},"__typename":"ItemsNutritionAttribute"},{"viewSection":{"shortLabelString":"Fat","unitString":"g","valueString":"2.5","__typename":"ItemsResponseBackedNutritionAttributeSection"},"__typename":"ItemsNutritionAttribute"},{"viewSection":{"shortLabelString":"Cal","unitString":"","valueString":"40","__typename":"ItemsResponseBackedNutritionAttributeSection"},"__typename":"ItemsNutritionAttribute"}],"__typename":"ItemsItem","price":{"id":"items_40286-43124","itemId":"items_40286-43124","debugProperties":{},"viewSection":{"badge":{"genericSaleLabelString":"Sale","actionLabelString":"See eligible items","badgeVariant":"multiUnitPromotion","offerLabelString":"Spend $40, save $8","applyCouponString":"Apply coupon","couponAppliedString":"Coupon applied","couponClippedVariant":"false","multiUnitClippablePromotionVariant":"nonClippable","eligibleItemsUxVariant":"button","offerSublabelString":null,"offerReferenceString":"452fa709-03b3-4374-a1c9-be5d2e26e88a/17907519719016916","cpgPromotionVariant":null,"basketPromotionVariant":"control","viewableTrackingEventName":"savings.client.viewport_viewable_item","promotionClipClientTrackingEventName":"savings.client.clip_coupon","promotionClickCtaClientTrackingEventName":"savings.client.click_cta","trackingProperties":{"badge_type":"multi_unit_promotion","discount_policy_id":"17907519719016916","price":"$6.19","promotion_candidate_id":"8e1e4a2b-84c8-4d48-8705-6ecaba33d31f","promotion_id":"17907519719016916","promotion_type":"spend_promotion","save_amount":"Spend $40, save $8"},"__typename":"ItemsResponseBackedItemPriceBadgeSection"},"itemCard":{"id":"items_response_backed:df23e2d9:item_price:79a41689:item_card","fullPriceString":null,"priceAriaLabelString":"$6.19","pricePerUnitString":null,"priceString":"$6.19","pricingUnitSecondaryString":null,"pricingUnitString":"15 oz","trackingProperties":{"item_card_impression_id":"dafba4f4-e925-4dc7-beba-f6ee21d29635"},"discountHeaderString":null,"discountSubHeaderString":"off!","priceSuffixString":"","plainFullPriceString":null,"priceScreenReaderString":"Current price: $6.19","fullPriceScreenReaderString":null,"priceBackgroundVariant":"hide","loyaltyProgramVariant":"hide","pricingUnitConvergenceVariant":"variant","badgeVisibilityVariant":"hide","priceStringFormatted":{"id":"4d53cd17","sections":[{"id":"3d158220","name":"small_currency_symbol","content":"$","__typename":"ViewFormattedStringSection"},{"id":"ed97e83d","name":"dollar","content":"6","__typename":"ViewFormattedStringSection"},{"id":"d90c221c","name":"cents","content":"19","__typename":"ViewFormattedStringSection"}],"__typename":"ViewFormattedString"},"offerLabelStringFormatted":null,"loyaltyPriceStringFormatted":null,"nonLoyaltyPriceStringFormatted":null,"loyaltyPriceStringPositionVariant":"control","secondaryTopStringFormatted":null,"secondaryBottomStringFormatted":null,"smartDiscountFormattedAttributesString":null,"__typename":"ItemsResponseBackedItemPriceItemCardSection"},"itemDetails":{"dealAppliedLabelString":null,"dealAppliedSoFarMessageString":null,"fullPriceString":null,"mixAndMatchItemsTitleString":"Available Mix \u0026 Match items","mixAndMatchItemsVariant":"hide","priceAriaLabelString":"$6.19","priceEstimateVariant":"hide","pricePerUnitString":"$0.41/oz","priceString":"$6.19","pricingUnitSecondaryString":null,"pricingUnitString":"15 oz","saleDisclaimerString":null,"addLoyaltyCardString":null,"loyaltyProgramVariant":"hide","secondaryTopStringFormatted":null,"secondaryBottomStringFormatted":null,"__typename":"ItemsResponseBackedItemPriceItemDetailsSection"},"sizeSelector":null,"fullPriceString":null,"priceString":"$6.19","priceValueString":"6.19","currencySymbolString":"$","trackingProperties":{"badge_type":"multi_unit_promotion","item_tasks":[],"on_sale_ind":{"loyalty":false},"price":"$6.19","price_data_source":"legacy","product_id":"43124","promotion_event_name":"savings.client.viewport_viewable_item","promotion_id":"17907519719016916","promotion_type":"spend_promotion","save_amount":"Spend $40, save $8"},"__typename":"ItemsResponseBackedItemPriceSection"},"parWeightTotalEstimate":{"id":"769fa9c0","viewSection":{"parWeightString":null,"__typename":"ItemsResponseBackedParWeightTotalEstimateSection"},"__typename":"ItemsParWeightTotalEstimate"},"greatPrice":null,"__typename":"ItemsItemPrice"}},{"id":"items_40286-16848067","itemLoadId":null,"name":"Tostitos Chunky Salsa, Medium","size":"15.5 oz","productId":"16848067","legacyId":"1430989708","legacyV3Id":"item_1430989708","configurableProductId":null,"brandName":"tostitos","brandId":"211408","evergreenUrl":"16848067-tostitos-medium-chunky-salsa-dip-15-5-oz","inStoreItemLocation":null,"retailer":{"isUltrafast":false,"__typename":"RetailersRetailer"},"dietary":{"mlDietaryAttributes":null,"mlShoppingAttributes":["low_fat","low_sugar","pescatarian"],"viewSection":{"attributesString":null,"attributeSections":[{"id":"items_response_backed:719b3d58:dietary:cd625c8d:attribute_section:daf99e53","attributeString":"Paleo","iconVariant":null,"itemCardVisibilityVariant":"hide","itemDetailsVisibilityVariant":"show","colorHexString":null,"iconImage":null,"trackingProperties":{"badge_display_value":"Paleo","badge_id":"611","badge_type":"dietary"},"__typename":"ItemsResponseBackedAttributeSectionSection"}],"attributeBadgeImage":null,"__typename":"ItemsResponseBackedDietarySection"},"__typename":"ItemsDietary"},"itemEbt":null,"itemFreshFunds":null,"itemMedicare":null,"productRating":null,"productCanonicalUrl":null,"quantityAttributesEach":{"increment":1,"initial":1,"max":500,"min":1,"quantityType":"each","selectOptions":[1,2,3,4,5,6,7,8,9],"defaultSelectOption":1,"parWeight":null,"viewSection":{"maxedOutString":"Max 500 per order","minReachedString":null,"unitAriaString":"item","unitPluralAriaString":"items","unitPluralString":"ct","unitString":"ct","iconUnitTypeVisibilityVariant":"hide","variableWeightDisclaimerString":null,"variableWeightDisclaimerLongString":null,"totalWeightEstimateTemplateString":null,"totalWeightEstimateTemplatePluralString":null,"parWeightDisplayString":null,"quantityUnitVisibilityVariant":"show","stepperUnitTypeVisibilityVariant":"hide","__typename":"ItemsResponseBackedQuantityAttributesSection"},"__typename":"ItemsQuantityAttributes"},"quantityAttributesWeight":null,"quantityAttributes":{"increment":1,"initial":1,"max":500,"min":1,"quantityType":"each","selectOptions":[1,2,3,4,5,6,7,8,9],"defaultSelectOption":1,"parWeight":null,"viewSection":{"maxedOutString":"Max 500 per order","minReachedString":null,"unitAriaString":"item","unitPluralAriaString":"items","unitPluralString":"ct","unitString":"ct","iconUnitTypeVisibilityVariant":"hide","variableWeightDisclaimerString":null,"variableWeightDisclaimerLongString":null,"totalWeightEstimateTemplateString":null,"totalWeightEstimateTemplatePluralString":null,"parWeightDisplayString":null,"quantityUnitVisibilityVariant":"show","stepperUnitTypeVisibilityVariant":"hide","__typename":"ItemsResponseBackedQuantityAttributesSection"},"__typename":"ItemsQuantityAttributes"},"availability":{"available":true,"stockLevel":"highlyInStock","blackoutTimes":null,"viewSection":{"stockLevelLabelString":"Many in stock","outOfStockCtaString":null,"similarItemsActionVariant":"none","warningIconImage":{"id":"e5591d46","url":"https://www.instacart.com/assets/dependability/item_availability/highly_in_stock-18910a57dac5f8e2db073c800e1742558d519cc5d5b20f375efa8a495462471c.png","__typename":"Image"},"__typename":"AvailabilityResponseBackedAvailabilitySection"},"__typename":"ItemsAvailability"},"variantGroup":null,"variantGroupId":null,"variantDimensionValues":[],"viewSection":{"itemImage":{"altText":null,"templateUrl":"https://www.instacart.com/image-server/{width=}x{height=}/filters:fill(FFFFFF,true):format(jpg)/d2lnr5mha7bycj.cloudfront.net/product-image/file/large_83b089ef-b0eb-4fae-a5a8-12da08443691.png","url":"https://d2lnr5mha7bycj.cloudfront.net/product-image/file/large_83b089ef-b0eb-4fae-a5a8-12da08443691.png","__typename":"Image"},"trackingProperties":{"availability_score":0.9527,"available_ind":true,"blackout":false,"element_attributes":{"attributes":[{"id":"611","value":"paleo_diet"}],"low_stock_label":false},"element_details":{"element_id":"items_40286-16848067","element_type":"item","item_tags":[],"product_id":"16848067","retailer_id":"1253","retailer_location_id":"40286"},"external_sku_id":null,"item_id":"1430989708","item_name":"Tostitos Chunky Salsa, Medium","itemsview___layouts___itemsresponsebacked___item":"bf779876-f852-4b6f-809c-e5191b2441fd","low_stock_label":false,"low_stock_variant":"none","on_sale_ind":{"buy_one_get_one":false,"cpg_coupon":true,"on_sale":false,"retailer":false},"product_category_name":"Salsas","product_id":"16848067","restricted_for_targeting_and_sharing":false,"stock_level":"highly_in_stock"},"itemCardRatingVariant":"hidden","itemCardQuickAddVariant":"control","itemCardDiscountBadgeVariant":"hide","itemCardLowStockLevelVariant":"visible","itemCardPricePerUnitVariant":"hide","quantityAttributesVariant":"eachAndWeight","hideActionsOnCartItemVariant":"true","itemCardHideQuickAddPriceVariant":"show","itemCardHideSizeVariant":"show","lowStockVariant":"none","boughtXTimesString":null,"requestAddString":null,"servingSizeString":null,"itemString":"Item","retailerReferenceCodeString":null,"retailerLookupCodeString":null,"variantDimensionsString":null,"tastingNotesString":null,"rewardProgramLabelString":null,"nameStringFormatted":{"id":"9e03a3ee","sections":[{"id":"10a65e45","name":"bodymedium2","content":"Tostitos Chunky Salsa, Medium","__typename":"ViewFormattedStringSection"}],"__typename":"ViewFormattedString"},"taxStringFormatted":null,"fsaHsaEligibleString":null,"itemTransparentImage":null,"__typename":"ItemsResponseBackedItemSection"},"tags":[],"comboPromotions":[],"nutritionalAttributes":[{"viewSection":{"shortLabelString":"Sod","unitString":"mg","valueString":"250","__typename":"ItemsResponseBackedNutritionAttributeSection"},"__typename":"ItemsNutritionAttribute"},{"viewSection":{"shortLabelString":"Sug","unitString":"g","valueString":"1","__typename":"ItemsResponseBackedNutritionAttributeSection"},"__typename":"ItemsNutritionAttribute"},{"viewSection":{"shortLabelString":"Fat","unitString":"g","valueString":"0","__typename":"ItemsResponseBackedNutritionAttributeSection"},"__typename":"ItemsNutritionAttribute"},{"viewSection":{"shortLabelString":"Cal","unitString":"","valueString":"10","__typename":"ItemsResponseBackedNutritionAttributeSection"},"__typename":"ItemsNutritionAttribute"}],"__typename":"ItemsItem","price":{"id":"items_40286-16848067","itemId":"items_40286-16848067","debugProperties":{},"viewSection":{"badge":{"genericSaleLabelString":"Sale","actionLabelString":"See eligible items","badgeVariant":"multiUnitPromotion","offerLabelString":"Spend $40, save $8","applyCouponString":"Apply coupon","couponAppliedString":"Coupon applied","couponClippedVariant":"false","multiUnitClippablePromotionVariant":"nonClippable","eligibleItemsUxVariant":"button","offerSublabelString":null,"offerReferenceString":"452fa709-03b3-4374-a1c9-be5d2e26e88a/17907519719016916","cpgPromotionVariant":null,"basketPromotionVariant":"control","viewableTrackingEventName":"savings.client.viewport_viewable_item","promotionClipClientTrackingEventName":"savings.client.clip_coupon","promotionClickCtaClientTrackingEventName":"savings.client.click_cta","trackingProperties":{"badge_type":"multi_unit_promotion","discount_policy_id":"17907519719016916","price":"$4.97","promotion_candidate_id":"e99063ac-18e9-4bcd-abfb-0b91bbbc5804","promotion_id":"17907519719016916","promotion_type":"spend_promotion","save_amount":"Spend $40, save $8"},"__typename":"ItemsResponseBackedItemPriceBadgeSection"},"itemCard":{"id":"items_response_backed:3f1924b4:item_price:c914708e:item_card","fullPriceString":null,"priceAriaLabelString":"$4.97","pricePerUnitString":null,"priceString":"$4.97","pricingUnitSecondaryString":null,"pricingUnitString":"15.5 oz","trackingProperties":{"item_card_impression_id":"dad56a20-37f3-4ea9-8601-ed68dc1e8b34"},"discountHeaderString":null,"discountSubHeaderString":"off!","priceSuffixString":"","plainFullPriceString":null,"priceScreenReaderString":"Current price: $4.97","fullPriceScreenReaderString":null,"priceBackgroundVariant":"hide","loyaltyProgramVariant":"hide","pricingUnitConvergenceVariant":"variant","badgeVisibilityVariant":"hide","priceStringFormatted":{"id":"770a9c97","sections":[{"id":"a16b20eb","name":"small_currency_symbol","content":"$","__typename":"ViewFormattedStringSection"},{"id":"bb723911","name":"dollar","content":"4","__typename":"ViewFormattedStringSection"},{"id":"5d27c412","name":"cents","content":"97","__typename":"ViewFormattedStringSection"}],"__typename":"ViewFormattedString"},"offerLabelStringFormatted":null,"loyaltyPriceStringFormatted":null,"nonLoyaltyPriceStringFormatted":null,"loyaltyPriceStringPositionVariant":"control","secondaryTopStringFormatted":null,"secondaryBottomStringFormatted":null,"smartDiscountFormattedAttributesString":null,"__typename":"ItemsResponseBackedItemPriceItemCardSection"},"itemDetails":{"dealAppliedLabelString":null,"dealAppliedSoFarMessageString":null,"fullPriceString":null,"mixAndMatchItemsTitleString":"Available Mix \u0026 Match items","mixAndMatchItemsVariant":"hide","priceAriaLabelString":"$4.97","priceEstimateVariant":"hide","pricePerUnitString":"$0.32/oz","priceString":"$4.97","pricingUnitSecondaryString":null,"pricingUnitString":"15.5 oz","saleDisclaimerString":null,"addLoyaltyCardString":null,"loyaltyProgramVariant":"hide","secondaryTopStringFormatted":null,"secondaryBottomStringFormatted":null,"__typename":"ItemsResponseBackedItemPriceItemDetailsSection"},"sizeSelector":null,"fullPriceString":null,"priceString":"$4.97","priceValueString":"4.97","currencySymbolString":"$","trackingProperties":{"badge_type":"multi_unit_promotion","item_tasks":[],"on_sale_ind":{"loyalty":false},"price":"$4.97","price_data_source":"legacy","product_id":"16848067","promotion_event_name":"savings.client.viewport_viewable_item","promotion_id":"17907519719016916","promotion_type":"spend_promotion","save_amount":"Spend $40, save $8"},"__typename":"ItemsResponseBackedItemPriceSection"},"parWeightTotalEstimate":{"id":"1254709d","viewSection":{"parWeightString":null,"__typename":"ItemsResponseBackedParWeightTotalEstimateSection"},"__typename":"ItemsParWeightTotalEstimate"},"greatPrice":null,"__typename":"ItemsItemPrice"}}]}}]]></response>
    <comment></comment>
  </item>
  <item>
    <time>Fri Sep 05 13:46:24 CDT 2025</time>
    <url><![CDATA[https://lamichoacanameatmarket.instacart.com/graphql?operationName=Items&variables=%7B%22ids%22%3A%5B%22items_40286-69740%22%2C%22items_40286-36953%22%2C%22items_40286-1338822%22%2C%22items_40286-16409075%22%2C%22items_40286-18760683%22%2C%22items_40286-21163751%22%2C%22items_40286-2730343%22%2C%22items_40286-21163087%22%2C%22items_40286-38479%22%2C%22items_40286-18696734%22%5D%2C%22shopId%22%3A%2253963%22%2C%22zoneId%22%3A%2293%22%2C%22postalCode%22%3A%2277084%22%7D&extensions=%7B%22persistedQuery%22%3A%7B%22version%22%3A1%2C%22sha256Hash%22%3A%226474c319c75c5357b0a4f646e1d3a01dd805c5fd917d7a90906ecb84a1bad8b1%22%7D%7D]]></url>
    <host ip="104.18.41.34">lamichoacanameatmarket.instacart.com</host>
    <port>443</port>
    <protocol>https</protocol>
    <method><![CDATA[GET]]></method>
    <path><![CDATA[/graphql?operationName=Items&variables=%7B%22ids%22%3A%5B%22items_40286-69740%22%2C%22items_40286-36953%22%2C%22items_40286-1338822%22%2C%22items_40286-16409075%22%2C%22items_40286-18760683%22%2C%22items_40286-21163751%22%2C%22items_40286-2730343%22%2C%22items_40286-21163087%22%2C%22items_40286-38479%22%2C%22items_40286-18696734%22%5D%2C%22shopId%22%3A%2253963%22%2C%22zoneId%22%3A%2293%22%2C%22postalCode%22%3A%2277084%22%7D&extensions=%7B%22persistedQuery%22%3A%7B%22version%22%3A1%2C%22sha256Hash%22%3A%226474c319c75c5357b0a4f646e1d3a01dd805c5fd917d7a90906ecb84a1bad8b1%22%7D%7D]]></path>
    <extension>null</extension>
    <request base64="false"><![CDATA[GET /graphql?operationName=Items&variables=%7B%22ids%22%3A%5B%22items_40286-69740%22%2C%22items_40286-36953%22%2C%22items_40286-1338822%22%2C%22items_40286-16409075%22%2C%22items_40286-18760683%22%2C%22items_40286-21163751%22%2C%22items_40286-2730343%22%2C%22items_40286-21163087%22%2C%22items_40286-38479%22%2C%22items_40286-18696734%22%5D%2C%22shopId%22%3A%2253963%22%2C%22zoneId%22%3A%2293%22%2C%22postalCode%22%3A%2277084%22%7D&extensions=%7B%22persistedQuery%22%3A%7B%22version%22%3A1%2C%22sha256Hash%22%3A%226474c319c75c5357b0a4f646e1d3a01dd805c5fd917d7a90906ecb84a1bad8b1%22%7D%7D HTTP/2
Host: lamichoacanameatmarket.instacart.com
Cookie: ajs_anonymous_id=ea2155a8-97ff-4b0e-b45e-39cf0739f40e; fpc_bpm=6c408fe3-8b36-4eb3-845158ee784ea186; _gcl_au=1.1.2092369738.1757096439; _scid=fThUJkdGap-1v9ZjbqZqSXFNEKdvn5uL; _sctr=1%7C1757048400000; _ga_VL5WVTXMWP=GS2.1.s1757097305$o1$g1$t1757097519$j13$l0$h0; _ga=GA1.1.206219771.1757097305; _ga_TS6NTR6J66=GS2.1.s1757097305$o1$g0$t1757097308$j57$l0$h0; shoppers_instacart_session=ZjJBblo0ODN4cW9WTDRhYmZ1MTFiNUtKeiswKy9Pa1VITGFHUXJMK2ROemk0RDJtUUJTcUtJQi9kZzYrK3NVWms1VHpqaXNYSXJacHp0c3BSaWZ5S0FqMVZrdnVwTU9QbEVyNkYxTDJyazhtQWZ6cmdYSU1odkZORG1PZGI4eUoxZHpvL3dFRyttOUxjS0tMSlRsaER3PT0tLU9pRSs5RWJKRWovYTlUSkJIajcwWWc9PQ%3D%3D--a284366cb4b21bf28cb51803cf47037da3a143fd; _ga_7JY7T788PK=GS2.1.s1757097523$o1$g1$t1757097603$j60$l0$h0; ahoy_visit=c99e7a2d-9d40-49cb-b4e2-6e639fe6cc2e; ahoy_visitor=4bf6fbc6-dd1e-46fb-80b3-348b38a425ad; __cf_bm=kITVkaBd39DAgq3Fr0jswHrvswXPz0F1mwgCjJucYyU-1757097636-1.0.1.1-0wLLpGm.7Lc755LxYKGa8XHRxrFB1FlrtrhfoXb_3eQEw_PxcU4PpSHh6cSD1y3e1ERxSARRs_hcYeAu1SOpGK3yvDbO1ov49PUj8nwwciA; build_sha=c27e69482ce558c6064666550c97cc2e857c996e; accessibleColorsEnabled=false; forterToken=f7fe3fe0a0154968b2655c5e926e2edf_1757097973894__UDF43-m4_24ck_; _scid_r=jLhUJkdGap-1v9ZjbqZqSXFNEKdvn5uLKZ53jg; _uetsid=06cf2b608a8511f087a3e9c9c9f94d50; _uetvid=06cf13508a8511f0b6648300830ef8b5; __Host-instacart_sid=v2.3fafb1b29cb3d0.9DmSwvi6sF0lcqedks9OtrwE9nBpcA-xpzM16fy8sOM; known_visitor=%7Cadelheidsalmon%40somoj.com%7Cemail_code; X-IC-bcx=1; aws-waf-token=a338d369-ef0a-49cc-a2f4-d8fb10e9df1c:EQoAjv+CilH2AAAA:JjgTyKY3qmSddHHXgyvPXPUL7h6DqNdVGaqcquM9VjzAGjo8RE8q0DpqX+RPVQkVhbW9huD/OhCr6SgrU1hLK5zInhA1q0dRdg5Fp4/JQaA+yYxiA3V3uuzb+8IHTgAn0Fi6zgCs3XVc/YJ/V8Ssn6xlu2XeM+Mrs+NGEW82a8pC+qrCCnMltd25xyCq0ino30wJ3w15Fbmy659bKhnnPMeZSQfw; _dd_s=logs=0&expire=1757098874705; ajs_user_id=17926101273457616
User-Agent: Mozilla/5.0 (X11; Linux x86_64; rv:128.0) Gecko/20100101 Firefox/128.0
Accept: */*
Accept-Language: en-US,en;q=0.5
Accept-Encoding: gzip, deflate, br
Referer: https://lamichoacanameatmarket.instacart.com/store/la-michoacana-meat-market/storefront
Content-Type: application/json
X-Client-Identifier: web
X-Page-View-Id: b312d70a-ee4e-5434-b023-b90f4d4f4d2c
X-Ic-View-Layer: true
Sec-Fetch-Dest: empty
Sec-Fetch-Mode: cors
Sec-Fetch-Site: same-origin
Priority: u=4
Te: trailers

]]></request>
    <status>200</status>
    <responselength>85290</responselength>
    <mimetype>JSON</mimetype>
    <response base64="false"><![CDATA[HTTP/2 200 OK
Date: Fri, 05 Sep 2025 18:46:24 GMT
Content-Type: application/json
Cache-Control: no-store
Ic-Request-Id: fc35e395-8036-47d3-8bb7-4bca0d6f9cec
Server-Timing: runtime;desc="Application Runtime";dur=215, requestId;desc="fc35e395-8036-47d3-8bb7-4bca0d6f9cec";dur=0
X-Request-Id: fc35e395-8036-47d3-8bb7-4bca0d6f9cec
Strict-Transport-Security: max-age=31536000; includeSubDomains; preload
Vary: accept-encoding
Cf-Cache-Status: DYNAMIC
X-Content-Type-Options: nosniff
Server: cloudflare
Cf-Ray: 97a7e3a20a005bce-TUN
Alt-Svc: h3=":443"; ma=86400

{"data":{"items":[{"id":"items_40286-69740","itemLoadId":null,"name":"Maggi Chicken Bouillon Cube","size":"2.8 oz","productId":"69740","legacyId":"1430766146","legacyV3Id":"item_1430766146","configurableProductId":null,"brandName":"maggi","brandId":"23871","evergreenUrl":"69740-maggi-chicken-bouillon-cube-2-8-onz","inStoreItemLocation":null,"retailer":{"isUltrafast":false,"__typename":"RetailersRetailer"},"dietary":{"mlDietaryAttributes":null,"mlShoppingAttributes":[],"viewSection":{"attributesString":null,"attributeSections":[],"attributeBadgeImage":null,"__typename":"ItemsResponseBackedDietarySection"},"__typename":"ItemsDietary"},"itemEbt":null,"itemFreshFunds":null,"itemMedicare":null,"productRating":null,"productCanonicalUrl":null,"quantityAttributesEach":{"increment":1,"initial":1,"max":500,"min":1,"quantityType":"each","selectOptions":[1,2,3,4,5,6,7,8,9],"defaultSelectOption":1,"parWeight":null,"viewSection":{"maxedOutString":"Max 500 per order","minReachedString":null,"unitAriaString":"item","unitPluralAriaString":"items","unitPluralString":"ct","unitString":"ct","iconUnitTypeVisibilityVariant":"hide","variableWeightDisclaimerString":null,"variableWeightDisclaimerLongString":null,"totalWeightEstimateTemplateString":null,"totalWeightEstimateTemplatePluralString":null,"parWeightDisplayString":null,"quantityUnitVisibilityVariant":"show","stepperUnitTypeVisibilityVariant":"hide","__typename":"ItemsResponseBackedQuantityAttributesSection"},"__typename":"ItemsQuantityAttributes"},"quantityAttributesWeight":null,"quantityAttributes":{"increment":1,"initial":1,"max":500,"min":1,"quantityType":"each","selectOptions":[1,2,3,4,5,6,7,8,9],"defaultSelectOption":1,"parWeight":null,"viewSection":{"maxedOutString":"Max 500 per order","minReachedString":null,"unitAriaString":"item","unitPluralAriaString":"items","unitPluralString":"ct","unitString":"ct","iconUnitTypeVisibilityVariant":"hide","variableWeightDisclaimerString":null,"variableWeightDisclaimerLongString":null,"totalWeightEstimateTemplateString":null,"totalWeightEstimateTemplatePluralString":null,"parWeightDisplayString":null,"quantityUnitVisibilityVariant":"show","stepperUnitTypeVisibilityVariant":"hide","__typename":"ItemsResponseBackedQuantityAttributesSection"},"__typename":"ItemsQuantityAttributes"},"availability":{"available":true,"stockLevel":"inStock","blackoutTimes":null,"viewSection":{"stockLevelLabelString":"In stock","outOfStockCtaString":null,"similarItemsActionVariant":"none","warningIconImage":null,"__typename":"AvailabilityResponseBackedAvailabilitySection"},"__typename":"ItemsAvailability"},"variantGroup":null,"variantGroupId":null,"variantDimensionValues":[],"viewSection":{"itemImage":{"altText":null,"templateUrl":"https://www.instacart.com/image-server/{width=}x{height=}/filters:fill(FFFFFF,true):format(jpg)/d2lnr5mha7bycj.cloudfront.net/product-image/file/large_609e29b8-f7da-4349-ad63-e0cebc500398.png","url":"https://d2lnr5mha7bycj.cloudfront.net/product-image/file/large_609e29b8-f7da-4349-ad63-e0cebc500398.png","__typename":"Image"},"trackingProperties":{"availability_score":0.8653,"available_ind":true,"blackout":false,"element_attributes":{"attributes":[],"low_stock_label":false},"element_details":{"element_id":"items_40286-69740","element_type":"item","item_tags":[],"product_id":"69740","retailer_id":"1253","retailer_location_id":"40286"},"external_sku_id":null,"item_id":"1430766146","item_name":"Maggi Chicken Bouillon Cube","itemsview___layouts___itemsresponsebacked___item":"a0f64eb3-fc72-4f30-b712-248137569f4d","low_stock_label":false,"low_stock_variant":"none","on_sale_ind":{"buy_one_get_one":false,"cpg_coupon":true,"on_sale":false,"retailer":false},"product_category_name":"Boullions","product_id":"69740","restricted_for_targeting_and_sharing":false,"stock_level":"in_stock"},"itemCardRatingVariant":"hidden","itemCardQuickAddVariant":"control","itemCardDiscountBadgeVariant":"hide","itemCardLowStockLevelVariant":"visible","itemCardPricePerUnitVariant":"hide","quantityAttributesVariant":"eachAndWeight","hideActionsOnCartItemVariant":"true","itemCardHideQuickAddPriceVariant":"show","itemCardHideSizeVariant":"show","lowStockVariant":"none","boughtXTimesString":null,"requestAddString":null,"servingSizeString":null,"itemString":"Item","retailerReferenceCodeString":null,"retailerLookupCodeString":null,"variantDimensionsString":null,"tastingNotesString":null,"rewardProgramLabelString":null,"nameStringFormatted":{"id":"0a480c59","sections":[{"id":"27154831","name":"bodymedium2","content":"Maggi Chicken Bouillon Cube","__typename":"ViewFormattedStringSection"}],"__typename":"ViewFormattedString"},"taxStringFormatted":null,"fsaHsaEligibleString":null,"itemTransparentImage":null,"__typename":"ItemsResponseBackedItemSection"},"tags":[],"comboPromotions":[],"nutritionalAttributes":[{"viewSection":{"shortLabelString":"Sod","unitString":"mg","valueString":"1010","__typename":"ItemsResponseBackedNutritionAttributeSection"},"__typename":"ItemsNutritionAttribute"},{"viewSection":{"shortLabelString":"Sug","unitString":"g","valueString":"0","__typename":"ItemsResponseBackedNutritionAttributeSection"},"__typename":"ItemsNutritionAttribute"},{"viewSection":{"shortLabelString":"Fat","unitString":"g","valueString":"0","__typename":"ItemsResponseBackedNutritionAttributeSection"},"__typename":"ItemsNutritionAttribute"},{"viewSection":{"shortLabelString":"Cal","unitString":"","valueString":"5","__typename":"ItemsResponseBackedNutritionAttributeSection"},"__typename":"ItemsNutritionAttribute"}],"__typename":"ItemsItem","price":{"id":"items_40286-69740","itemId":"items_40286-69740","debugProperties":{},"viewSection":{"badge":{"genericSaleLabelString":"Sale","actionLabelString":"See eligible items","badgeVariant":"multiUnitPromotion","offerLabelString":"Spend $10, save $2","applyCouponString":"Apply coupon","couponAppliedString":"Coupon applied","couponClippedVariant":"false","multiUnitClippablePromotionVariant":"nonClippable","eligibleItemsUxVariant":"button","offerSublabelString":null,"offerReferenceString":"2b3e86e7-5be4-4a69-a540-c1a8f89f3e9e/17647863247018788","cpgPromotionVariant":null,"basketPromotionVariant":"control","viewableTrackingEventName":"savings.client.viewport_viewable_item","promotionClipClientTrackingEventName":"savings.client.clip_coupon","promotionClickCtaClientTrackingEventName":"savings.client.click_cta","trackingProperties":{"badge_type":"multi_unit_promotion","discount_policy_id":"17647863247018788","price":"$2.66","promotion_candidate_id":"32ea559c-7b28-40a9-98c3-24024c654b55","promotion_id":"17647863247018788","promotion_type":"spend_promotion","save_amount":"Spend $10, save $2"},"__typename":"ItemsResponseBackedItemPriceBadgeSection"},"itemCard":{"id":"items_response_backed:70292336:item_price:5b757dbd:item_card","fullPriceString":null,"priceAriaLabelString":"$2.66","pricePerUnitString":null,"priceString":"$2.66","pricingUnitSecondaryString":null,"pricingUnitString":"2.8 oz","trackingProperties":{"item_card_impression_id":"f7ade312-8130-4549-84f0-d50fe3273c20"},"discountHeaderString":null,"discountSubHeaderString":"off!","priceSuffixString":"","plainFullPriceString":null,"priceScreenReaderString":"Current price: $2.66","fullPriceScreenReaderString":null,"priceBackgroundVariant":"hide","loyaltyProgramVariant":"hide","pricingUnitConvergenceVariant":"variant","badgeVisibilityVariant":"hide","priceStringFormatted":{"id":"1cc8cdf7","sections":[{"id":"96063840","name":"small_currency_symbol","content":"$","__typename":"ViewFormattedStringSection"},{"id":"f25787da","name":"dollar","content":"2","__typename":"ViewFormattedStringSection"},{"id":"5a735f30","name":"cents","content":"66","__typename":"ViewFormattedStringSection"}],"__typename":"ViewFormattedString"},"offerLabelStringFormatted":null,"loyaltyPriceStringFormatted":null,"nonLoyaltyPriceStringFormatted":null,"loyaltyPriceStringPositionVariant":"control","secondaryTopStringFormatted":null,"secondaryBottomStringFormatted":null,"smartDiscountFormattedAttributesString":null,"__typename":"ItemsResponseBackedItemPriceItemCardSection"},"itemDetails":{"dealAppliedLabelString":null,"dealAppliedSoFarMessageString":null,"fullPriceString":null,"mixAndMatchItemsTitleString":"Available Mix \u0026 Match items","mixAndMatchItemsVariant":"hide","priceAriaLabelString":"$2.66","priceEstimateVariant":"hide","pricePerUnitString":"$0.95/oz","priceString":"$2.66","pricingUnitSecondaryString":null,"pricingUnitString":"2.8 oz","saleDisclaimerString":null,"addLoyaltyCardString":null,"loyaltyProgramVariant":"hide","secondaryTopStringFormatted":null,"secondaryBottomStringFormatted":null,"__typename":"ItemsResponseBackedItemPriceItemDetailsSection"},"sizeSelector":null,"fullPriceString":null,"priceString":"$2.66","priceValueString":"2.66","currencySymbolString":"$","trackingProperties":{"badge_type":"multi_unit_promotion","item_tasks":[],"on_sale_ind":{"loyalty":false},"price":"$2.66","price_data_source":"legacy","product_id":"69740","promotion_event_name":"savings.client.viewport_viewable_item","promotion_id":"17647863247018788","promotion_type":"spend_promotion","save_amount":"Spend $10, save $2"},"__typename":"ItemsResponseBackedItemPriceSection"},"parWeightTotalEstimate":{"id":"de55ac06","viewSection":{"parWeightString":null,"__typename":"ItemsResponseBackedParWeightTotalEstimateSection"},"__typename":"ItemsParWeightTotalEstimate"},"greatPrice":null,"__typename":"ItemsItemPrice"}},{"id":"items_40286-36953","itemLoadId":null,"name":"Goya Coconut Milk","size":"13.5 fl oz","productId":"36953","legacyId":"1429862191","legacyV3Id":"item_1429862191","configurableProductId":null,"brandName":"goya","brandId":"18542","evergreenUrl":"36953-goya-coconut-milk-13-5-fl-oz","inStoreItemLocation":null,"retailer":{"isUltrafast":false,"__typename":"RetailersRetailer"},"dietary":{"mlDietaryAttributes":null,"mlShoppingAttributes":["gluten_free","lactose_free","low_sugar","pescatarian"],"viewSection":{"attributesString":null,"attributeSections":[{"id":"items_response_backed:03603cb3:dietary:3c921085:attribute_section:b69ab880","attributeString":"Dairy-Free","iconVariant":null,"itemCardVisibilityVariant":"hide","itemDetailsVisibilityVariant":"show","colorHexString":null,"iconImage":null,"trackingProperties":{"badge_display_value":"Dairy-Free","badge_id":"480","badge_type":"dietary"},"__typename":"ItemsResponseBackedAttributeSectionSection"}],"attributeBadgeImage":null,"__typename":"ItemsResponseBackedDietarySection"},"__typename":"ItemsDietary"},"itemEbt":null,"itemFreshFunds":null,"itemMedicare":null,"productRating":null,"productCanonicalUrl":null,"quantityAttributesEach":{"increment":1,"initial":1,"max":500,"min":1,"quantityType":"each","selectOptions":[1,2,3,4,5,6,7,8,9],"defaultSelectOption":1,"parWeight":null,"viewSection":{"maxedOutString":"Max 500 per order","minReachedString":null,"unitAriaString":"item","unitPluralAriaString":"items","unitPluralString":"ct","unitString":"ct","iconUnitTypeVisibilityVariant":"hide","variableWeightDisclaimerString":null,"variableWeightDisclaimerLongString":null,"totalWeightEstimateTemplateString":null,"totalWeightEstimateTemplatePluralString":null,"parWeightDisplayString":null,"quantityUnitVisibilityVariant":"show","stepperUnitTypeVisibilityVariant":"hide","__typename":"ItemsResponseBackedQuantityAttributesSection"},"__typename":"ItemsQuantityAttributes"},"quantityAttributesWeight":null,"quantityAttributes":{"increment":1,"initial":1,"max":500,"min":1,"quantityType":"each","selectOptions":[1,2,3,4,5,6,7,8,9],"defaultSelectOption":1,"parWeight":null,"viewSection":{"maxedOutString":"Max 500 per order","minReachedString":null,"unitAriaString":"item","unitPluralAriaString":"items","unitPluralString":"ct","unitString":"ct","iconUnitTypeVisibilityVariant":"hide","variableWeightDisclaimerString":null,"variableWeightDisclaimerLongString":null,"totalWeightEstimateTemplateString":null,"totalWeightEstimateTemplatePluralString":null,"parWeightDisplayString":null,"quantityUnitVisibilityVariant":"show","stepperUnitTypeVisibilityVariant":"hide","__typename":"ItemsResponseBackedQuantityAttributesSection"},"__typename":"ItemsQuantityAttributes"},"availability":{"available":true,"stockLevel":"highlyInStock","blackoutTimes":null,"viewSection":{"stockLevelLabelString":"Many in stock","outOfStockCtaString":null,"similarItemsActionVariant":"none","warningIconImage":{"id":"dac62e4a","url":"https://www.instacart.com/assets/dependability/item_availability/highly_in_stock-18910a57dac5f8e2db073c800e1742558d519cc5d5b20f375efa8a495462471c.png","__typename":"Image"},"__typename":"AvailabilityResponseBackedAvailabilitySection"},"__typename":"ItemsAvailability"},"variantGroup":null,"variantGroupId":null,"variantDimensionValues":[],"viewSection":{"itemImage":{"altText":null,"templateUrl":"https://www.instacart.com/image-server/{width=}x{height=}/filters:fill(FFFFFF,true):format(jpg)/d2lnr5mha7bycj.cloudfront.net/product-image/file/large_90e754f3-2eea-443b-a518-f1a5a109ca34.jpg","url":"https://d2lnr5mha7bycj.cloudfront.net/product-image/file/large_90e754f3-2eea-443b-a518-f1a5a109ca34.jpg","__typename":"Image"},"trackingProperties":{"availability_score":0.9689,"available_ind":true,"blackout":false,"element_attributes":{"attributes":[{"id":"480","value":"dairy_free"}],"low_stock_label":false},"element_details":{"element_id":"items_40286-36953","element_type":"item","item_tags":[],"product_id":"36953","retailer_id":"1253","retailer_location_id":"40286"},"external_sku_id":null,"item_id":"1429862191","item_name":"Goya Coconut Milk","itemsview___layouts___itemsresponsebacked___item":"ba79db5e-9a0d-4931-976e-8e35a1295d16","low_stock_label":false,"low_stock_variant":"none","on_sale_ind":{"buy_one_get_one":false,"cpg_coupon":false,"on_sale":false,"retailer":false},"product_category_name":"Canned Coconut Milk and Cream","product_id":"36953","restricted_for_targeting_and_sharing":false,"stock_level":"highly_in_stock"},"itemCardRatingVariant":"hidden","itemCardQuickAddVariant":"control","itemCardDiscountBadgeVariant":"hide","itemCardLowStockLevelVariant":"visible","itemCardPricePerUnitVariant":"hide","quantityAttributesVariant":"eachAndWeight","hideActionsOnCartItemVariant":"true","itemCardHideQuickAddPriceVariant":"show","itemCardHideSizeVariant":"show","lowStockVariant":"none","boughtXTimesString":null,"requestAddString":null,"servingSizeString":null,"itemString":"Item","retailerReferenceCodeString":null,"retailerLookupCodeString":null,"variantDimensionsString":null,"tastingNotesString":null,"rewardProgramLabelString":null,"nameStringFormatted":{"id":"48b0d0b5","sections":[{"id":"391fcdec","name":"bodymedium2","content":"Goya Coconut Milk","__typename":"ViewFormattedStringSection"}],"__typename":"ViewFormattedString"},"taxStringFormatted":null,"fsaHsaEligibleString":null,"itemTransparentImage":null,"__typename":"ItemsResponseBackedItemSection"},"tags":[],"comboPromotions":[],"nutritionalAttributes":[{"viewSection":{"shortLabelString":"Sod","unitString":"mg","valueString":"10","__typename":"ItemsResponseBackedNutritionAttributeSection"},"__typename":"ItemsNutritionAttribute"},{"viewSection":{"shortLabelString":"Sug","unitString":"g","valueString":"2","__typename":"ItemsResponseBackedNutritionAttributeSection"},"__typename":"ItemsNutritionAttribute"},{"viewSection":{"shortLabelString":"Fat","unitString":"g","valueString":"9","__typename":"ItemsResponseBackedNutritionAttributeSection"},"__typename":"ItemsNutritionAttribute"},{"viewSection":{"shortLabelString":"Cal","unitString":"","valueString":"100","__typename":"ItemsResponseBackedNutritionAttributeSection"},"__typename":"ItemsNutritionAttribute"}],"__typename":"ItemsItem","price":{"id":"items_40286-36953","itemId":"items_40286-36953","debugProperties":{},"viewSection":{"badge":null,"itemCard":{"id":"items_response_backed:93f650af:item_price:a1009b94:item_card","fullPriceString":null,"priceAriaLabelString":"$3.64","pricePerUnitString":null,"priceString":"$3.64","pricingUnitSecondaryString":null,"pricingUnitString":null,"trackingProperties":{"item_card_impression_id":"80afd2d4-cce5-49e7-a6ee-3e46de610b50"},"discountHeaderString":null,"discountSubHeaderString":"off!","priceSuffixString":"","plainFullPriceString":null,"priceScreenReaderString":"Current price: $3.64","fullPriceScreenReaderString":null,"priceBackgroundVariant":"hide","loyaltyProgramVariant":"hide","pricingUnitConvergenceVariant":"variant","badgeVisibilityVariant":"hide","priceStringFormatted":{"id":"1ebe1f81","sections":[{"id":"1e8b9234","name":"small_currency_symbol","content":"$","__typename":"ViewFormattedStringSection"},{"id":"9cb7b2da","name":"dollar","content":"3","__typename":"ViewFormattedStringSection"},{"id":"2478b9d9","name":"cents","content":"64","__typename":"ViewFormattedStringSection"}],"__typename":"ViewFormattedString"},"offerLabelStringFormatted":null,"loyaltyPriceStringFormatted":null,"nonLoyaltyPriceStringFormatted":null,"loyaltyPriceStringPositionVariant":"control","secondaryTopStringFormatted":null,"secondaryBottomStringFormatted":null,"smartDiscountFormattedAttributesString":null,"__typename":"ItemsResponseBackedItemPriceItemCardSection"},"itemDetails":{"dealAppliedLabelString":null,"dealAppliedSoFarMessageString":null,"fullPriceString":null,"mixAndMatchItemsTitleString":"Available Mix \u0026 Match items","mixAndMatchItemsVariant":"hide","priceAriaLabelString":"$3.64","priceEstimateVariant":"hide","pricePerUnitString":"$0.27/fl oz","priceString":"$3.64","pricingUnitSecondaryString":null,"pricingUnitString":null,"saleDisclaimerString":null,"addLoyaltyCardString":null,"loyaltyProgramVariant":"hide","secondaryTopStringFormatted":null,"secondaryBottomStringFormatted":null,"__typename":"ItemsResponseBackedItemPriceItemDetailsSection"},"sizeSelector":null,"fullPriceString":null,"priceString":"$3.64","priceValueString":"3.64","currencySymbolString":"$","trackingProperties":{"item_tasks":[],"on_sale_ind":{"loyalty":false},"price":"$3.64","price_data_source":"legacy","product_id":"36953"},"__typename":"ItemsResponseBackedItemPriceSection"},"parWeightTotalEstimate":{"id":"deae24aa","viewSection":{"parWeightString":null,"__typename":"ItemsResponseBackedParWeightTotalEstimateSection"},"__typename":"ItemsParWeightTotalEstimate"},"greatPrice":null,"__typename":"ItemsItemPrice"}},{"id":"items_40286-1338822","itemLoadId":null,"name":"Bimbo  Pan Molido, Original Bread Crumbs","size":"12.35 oz","productId":"1338822","legacyId":"1429902536","legacyV3Id":"item_1429902536","configurableProductId":null,"brandName":"bimbo ","brandId":"280068","evergreenUrl":"1338822-bimbo-pan-molido-bread-crumbs-original-12-3-oz","inStoreItemLocation":null,"retailer":{"isUltrafast":false,"__typename":"RetailersRetailer"},"dietary":{"mlDietaryAttributes":null,"mlShoppingAttributes":["pescatarian"],"viewSection":{"attributesString":null,"attributeSections":[],"attributeBadgeImage":null,"__typename":"ItemsResponseBackedDietarySection"},"__typename":"ItemsDietary"},"itemEbt":null,"itemFreshFunds":null,"itemMedicare":null,"productRating":null,"productCanonicalUrl":null,"quantityAttributesEach":{"increment":1,"initial":1,"max":500,"min":1,"quantityType":"each","selectOptions":[1,2,3,4,5,6,7,8,9],"defaultSelectOption":1,"parWeight":null,"viewSection":{"maxedOutString":"Max 500 per order","minReachedString":null,"unitAriaString":"item","unitPluralAriaString":"items","unitPluralString":"ct","unitString":"ct","iconUnitTypeVisibilityVariant":"hide","variableWeightDisclaimerString":null,"variableWeightDisclaimerLongString":null,"totalWeightEstimateTemplateString":null,"totalWeightEstimateTemplatePluralString":null,"parWeightDisplayString":null,"quantityUnitVisibilityVariant":"show","stepperUnitTypeVisibilityVariant":"hide","__typename":"ItemsResponseBackedQuantityAttributesSection"},"__typename":"ItemsQuantityAttributes"},"quantityAttributesWeight":null,"quantityAttributes":{"increment":1,"initial":1,"max":500,"min":1,"quantityType":"each","selectOptions":[1,2,3,4,5,6,7,8,9],"defaultSelectOption":1,"parWeight":null,"viewSection":{"maxedOutString":"Max 500 per order","minReachedString":null,"unitAriaString":"item","unitPluralAriaString":"items","unitPluralString":"ct","unitString":"ct","iconUnitTypeVisibilityVariant":"hide","variableWeightDisclaimerString":null,"variableWeightDisclaimerLongString":null,"totalWeightEstimateTemplateString":null,"totalWeightEstimateTemplatePluralString":null,"parWeightDisplayString":null,"quantityUnitVisibilityVariant":"show","stepperUnitTypeVisibilityVariant":"hide","__typename":"ItemsResponseBackedQuantityAttributesSection"},"__typename":"ItemsQuantityAttributes"},"availability":{"available":true,"stockLevel":"inStock","blackoutTimes":null,"viewSection":{"stockLevelLabelString":"In stock","outOfStockCtaString":null,"similarItemsActionVariant":"none","warningIconImage":null,"__typename":"AvailabilityResponseBackedAvailabilitySection"},"__typename":"ItemsAvailability"},"variantGroup":null,"variantGroupId":null,"variantDimensionValues":[],"viewSection":{"itemImage":{"altText":null,"templateUrl":"https://www.instacart.com/image-server/{width=}x{height=}/filters:fill(FFFFFF,true):format(jpg)/d2lnr5mha7bycj.cloudfront.net/product-image/file/large_624130bc-cc8b-44ab-8775-5aa8aa3f8990.png","url":"https://d2lnr5mha7bycj.cloudfront.net/product-image/file/large_624130bc-cc8b-44ab-8775-5aa8aa3f8990.png","__typename":"Image"},"trackingProperties":{"availability_score":0.8707,"available_ind":true,"blackout":false,"element_attributes":{"attributes":[],"low_stock_label":false},"element_details":{"element_id":"items_40286-1338822","element_type":"item","item_tags":[],"product_id":"1338822","retailer_id":"1253","retailer_location_id":"40286"},"external_sku_id":null,"item_id":"1429902536","item_name":"Bimbo  Pan Molido, Original Bread Crumbs","itemsview___layouts___itemsresponsebacked___item":"f5f27226-1b57-4a69-8b9e-4b24278dedda","low_stock_label":false,"low_stock_variant":"none","on_sale_ind":{"buy_one_get_one":false,"cpg_coupon":false,"on_sale":false,"retailer":false},"product_category_name":"Bread Crumbs","product_id":"1338822","restricted_for_targeting_and_sharing":false,"stock_level":"in_stock"},"itemCardRatingVariant":"hidden","itemCardQuickAddVariant":"control","itemCardDiscountBadgeVariant":"hide","itemCardLowStockLevelVariant":"visible","itemCardPricePerUnitVariant":"hide","quantityAttributesVariant":"eachAndWeight","hideActionsOnCartItemVariant":"true","itemCardHideQuickAddPriceVariant":"show","itemCardHideSizeVariant":"show","lowStockVariant":"none","boughtXTimesString":null,"requestAddString":null,"servingSizeString":null,"itemString":"Item","retailerReferenceCodeString":null,"retailerLookupCodeString":null,"variantDimensionsString":null,"tastingNotesString":null,"rewardProgramLabelString":null,"nameStringFormatted":{"id":"53ca7f09","sections":[{"id":"d6d9a9e9","name":"bodymedium2","content":"Bimbo  Pan Molido, Original Bread Crumbs","__typename":"ViewFormattedStringSection"}],"__typename":"ViewFormattedString"},"taxStringFormatted":null,"fsaHsaEligibleString":null,"itemTransparentImage":null,"__typename":"ItemsResponseBackedItemSection"},"tags":[],"comboPromotions":[],"nutritionalAttributes":[{"viewSection":{"shortLabelString":"Sod","unitString":"mg","valueString":"135","__typename":"ItemsResponseBackedNutritionAttributeSection"},"__typename":"ItemsNutritionAttribute"},{"viewSection":{"shortLabelString":"Sug","unitString":"g","valueString":"3","__typename":"ItemsResponseBackedNutritionAttributeSection"},"__typename":"ItemsNutritionAttribute"},{"viewSection":{"shortLabelString":"Fat","unitString":"g","valueString":"2","__typename":"ItemsResponseBackedNutritionAttributeSection"},"__typename":"ItemsNutritionAttribute"},{"viewSection":{"shortLabelString":"Cal","unitString":"","valueString":"120","__typename":"ItemsResponseBackedNutritionAttributeSection"},"__typename":"ItemsNutritionAttribute"}],"__typename":"ItemsItem","price":{"id":"items_40286-1338822","itemId":"items_40286-1338822","debugProperties":{},"viewSection":{"badge":null,"itemCard":{"id":"items_response_backed:d8716cdf:item_price:7247b5f7:item_card","fullPriceString":null,"priceAriaLabelString":"$3.88","pricePerUnitString":null,"priceString":"$3.88","pricingUnitSecondaryString":null,"pricingUnitString":"12.35 oz","trackingProperties":{"item_card_impression_id":"a8095d13-e952-4c05-8694-3a6e604c8d30"},"discountHeaderString":null,"discountSubHeaderString":"off!","priceSuffixString":"","plainFullPriceString":null,"priceScreenReaderString":"Current price: $3.88","fullPriceScreenReaderString":null,"priceBackgroundVariant":"hide","loyaltyProgramVariant":"hide","pricingUnitConvergenceVariant":"variant","badgeVisibilityVariant":"hide","priceStringFormatted":{"id":"ad5a806d","sections":[{"id":"74fa93e5","name":"small_currency_symbol","content":"$","__typename":"ViewFormattedStringSection"},{"id":"99d51e55","name":"dollar","content":"3","__typename":"ViewFormattedStringSection"},{"id":"d3edfe01","name":"cents","content":"88","__typename":"ViewFormattedStringSection"}],"__typename":"ViewFormattedString"},"offerLabelStringFormatted":null,"loyaltyPriceStringFormatted":null,"nonLoyaltyPriceStringFormatted":null,"loyaltyPriceStringPositionVariant":"control","secondaryTopStringFormatted":null,"secondaryBottomStringFormatted":null,"smartDiscountFormattedAttributesString":null,"__typename":"ItemsResponseBackedItemPriceItemCardSection"},"itemDetails":{"dealAppliedLabelString":null,"dealAppliedSoFarMessageString":null,"fullPriceString":null,"mixAndMatchItemsTitleString":"Available Mix \u0026 Match items","mixAndMatchItemsVariant":"hide","priceAriaLabelString":"$3.88","priceEstimateVariant":"hide","pricePerUnitString":"$0.31/oz","priceString":"$3.88","pricingUnitSecondaryString":null,"pricingUnitString":"12.35 oz","saleDisclaimerString":null,"addLoyaltyCardString":null,"loyaltyProgramVariant":"hide","secondaryTopStringFormatted":null,"secondaryBottomStringFormatted":null,"__typename":"ItemsResponseBackedItemPriceItemDetailsSection"},"sizeSelector":null,"fullPriceString":null,"priceString":"$3.88","priceValueString":"3.88","currencySymbolString":"$","trackingProperties":{"item_tasks":[],"on_sale_ind":{"loyalty":false},"price":"$3.88","price_data_source":"legacy","product_id":"1338822"},"__typename":"ItemsResponseBackedItemPriceSection"},"parWeightTotalEstimate":{"id":"46d18c70","viewSection":{"parWeightString":null,"__typename":"ItemsResponseBackedParWeightTotalEstimateSection"},"__typename":"ItemsParWeightTotalEstimate"},"greatPrice":null,"__typename":"ItemsItemPrice"}},{"id":"items_40286-16409075","itemLoadId":null,"name":"La Lechera Sweetened Condensed Milk","size":"14 oz","productId":"16409075","legacyId":"1431097020","legacyV3Id":"item_1431097020","configurableProductId":null,"brandName":"la lechera","brandId":"921","evergreenUrl":"16409075-la-lechera-nestle-sweetened-condensed-milk-14-oz","inStoreItemLocation":null,"retailer":{"isUltrafast":false,"__typename":"RetailersRetailer"},"dietary":{"mlDietaryAttributes":null,"mlShoppingAttributes":["pescatarian"],"viewSection":{"attributesString":null,"attributeSections":[],"attributeBadgeImage":null,"__typename":"ItemsResponseBackedDietarySection"},"__typename":"ItemsDietary"},"itemEbt":null,"itemFreshFunds":null,"itemMedicare":null,"productRating":null,"productCanonicalUrl":null,"quantityAttributesEach":{"increment":1,"initial":1,"max":500,"min":1,"quantityType":"each","selectOptions":[1,2,3,4,5,6,7,8,9],"defaultSelectOption":1,"parWeight":null,"viewSection":{"maxedOutString":"Max 500 per order","minReachedString":null,"unitAriaString":"item","unitPluralAriaString":"items","unitPluralString":"ct","unitString":"ct","iconUnitTypeVisibilityVariant":"hide","variableWeightDisclaimerString":null,"variableWeightDisclaimerLongString":null,"totalWeightEstimateTemplateString":null,"totalWeightEstimateTemplatePluralString":null,"parWeightDisplayString":null,"quantityUnitVisibilityVariant":"show","stepperUnitTypeVisibilityVariant":"hide","__typename":"ItemsResponseBackedQuantityAttributesSection"},"__typename":"ItemsQuantityAttributes"},"quantityAttributesWeight":null,"quantityAttributes":{"increment":1,"initial":1,"max":500,"min":1,"quantityType":"each","selectOptions":[1,2,3,4,5,6,7,8,9],"defaultSelectOption":1,"parWeight":null,"viewSection":{"maxedOutString":"Max 500 per order","minReachedString":null,"unitAriaString":"item","unitPluralAriaString":"items","unitPluralString":"ct","unitString":"ct","iconUnitTypeVisibilityVariant":"hide","variableWeightDisclaimerString":null,"variableWeightDisclaimerLongString":null,"totalWeightEstimateTemplateString":null,"totalWeightEstimateTemplatePluralString":null,"parWeightDisplayString":null,"quantityUnitVisibilityVariant":"show","stepperUnitTypeVisibilityVariant":"hide","__typename":"ItemsResponseBackedQuantityAttributesSection"},"__typename":"ItemsQuantityAttributes"},"availability":{"available":true,"stockLevel":"highlyInStock","blackoutTimes":null,"viewSection":{"stockLevelLabelString":"Many in stock","outOfStockCtaString":null,"similarItemsActionVariant":"none","warningIconImage":{"id":"e44bbe95","url":"https://www.instacart.com/assets/dependability/item_availability/highly_in_stock-18910a57dac5f8e2db073c800e1742558d519cc5d5b20f375efa8a495462471c.png","__typename":"Image"},"__typename":"AvailabilityResponseBackedAvailabilitySection"},"__typename":"ItemsAvailability"},"variantGroup":null,"variantGroupId":null,"variantDimensionValues":[],"viewSection":{"itemImage":{"altText":null,"templateUrl":"https://www.instacart.com/image-server/{width=}x{height=}/filters:fill(FFFFFF,true):format(jpg)/d2lnr5mha7bycj.cloudfront.net/product-image/file/large_ddf877d8-a783-4652-a057-5cffbdd4b328.jpg","url":"https://d2lnr5mha7bycj.cloudfront.net/product-image/file/large_ddf877d8-a783-4652-a057-5cffbdd4b328.jpg","__typename":"Image"},"trackingProperties":{"availability_score":0.9583,"available_ind":true,"blackout":false,"element_attributes":{"attributes":[],"low_stock_label":false},"element_details":{"element_id":"items_40286-16409075","element_type":"item","item_tags":[],"product_id":"16409075","retailer_id":"1253","retailer_location_id":"40286"},"external_sku_id":null,"item_id":"1431097020","item_name":"La Lechera Sweetened Condensed Milk","itemsview___layouts___itemsresponsebacked___item":"c47aa21c-ed92-460e-a083-484e2338274b","low_stock_label":false,"low_stock_variant":"none","on_sale_ind":{"buy_one_get_one":false,"cpg_coupon":false,"on_sale":false,"retailer":false},"product_category_name":"Condensed Milk","product_id":"16409075","restricted_for_targeting_and_sharing":false,"stock_level":"highly_in_stock"},"itemCardRatingVariant":"hidden","itemCardQuickAddVariant":"control","itemCardDiscountBadgeVariant":"hide","itemCardLowStockLevelVariant":"visible","itemCardPricePerUnitVariant":"hide","quantityAttributesVariant":"eachAndWeight","hideActionsOnCartItemVariant":"true","itemCardHideQuickAddPriceVariant":"show","itemCardHideSizeVariant":"show","lowStockVariant":"none","boughtXTimesString":null,"requestAddString":null,"servingSizeString":null,"itemString":"Item","retailerReferenceCodeString":null,"retailerLookupCodeString":null,"variantDimensionsString":null,"tastingNotesString":null,"rewardProgramLabelString":null,"nameStringFormatted":{"id":"4985fc99","sections":[{"id":"086e7ba5","name":"bodymedium2","content":"La Lechera Sweetened Condensed Milk","__typename":"ViewFormattedStringSection"}],"__typename":"ViewFormattedString"},"taxStringFormatted":null,"fsaHsaEligibleString":null,"itemTransparentImage":null,"__typename":"ItemsResponseBackedItemSection"},"tags":[],"comboPromotions":[],"nutritionalAttributes":[{"viewSection":{"shortLabelString":"Sod","unitString":"mg","valueString":"45","__typename":"ItemsResponseBackedNutritionAttributeSection"},"__typename":"ItemsNutritionAttribute"},{"viewSection":{"shortLabelString":"Sug","unitString":"g","valueString":"22","__typename":"ItemsResponseBackedNutritionAttributeSection"},"__typename":"ItemsNutritionAttribute"},{"viewSection":{"shortLabelString":"Fat","unitString":"g","valueString":"3.5","__typename":"ItemsResponseBackedNutritionAttributeSection"},"__typename":"ItemsNutritionAttribute"},{"viewSection":{"shortLabelString":"Cal","unitString":"","valueString":"130","__typename":"ItemsResponseBackedNutritionAttributeSection"},"__typename":"ItemsNutritionAttribute"}],"__typename":"ItemsItem","price":{"id":"items_40286-16409075","itemId":"items_40286-16409075","debugProperties":{},"viewSection":{"badge":null,"itemCard":{"id":"items_response_backed:468cd26b:item_price:9f1a9662:item_card","fullPriceString":null,"priceAriaLabelString":"$4.61","pricePerUnitString":null,"priceString":"$4.61","pricingUnitSecondaryString":null,"pricingUnitString":null,"trackingProperties":{"item_card_impression_id":"8daf13c7-47b6-4c92-be9e-5051d4de7cc3"},"discountHeaderString":null,"discountSubHeaderString":"off!","priceSuffixString":"","plainFullPriceString":null,"priceScreenReaderString":"Current price: $4.61","fullPriceScreenReaderString":null,"priceBackgroundVariant":"hide","loyaltyProgramVariant":"hide","pricingUnitConvergenceVariant":"variant","badgeVisibilityVariant":"hide","priceStringFormatted":{"id":"d6d77798","sections":[{"id":"223f219a","name":"small_currency_symbol","content":"$","__typename":"ViewFormattedStringSection"},{"id":"e31faf69","name":"dollar","content":"4","__typename":"ViewFormattedStringSection"},{"id":"d410946b","name":"cents","content":"61","__typename":"ViewFormattedStringSection"}],"__typename":"ViewFormattedString"},"offerLabelStringFormatted":null,"loyaltyPriceStringFormatted":null,"nonLoyaltyPriceStringFormatted":null,"loyaltyPriceStringPositionVariant":"control","secondaryTopStringFormatted":null,"secondaryBottomStringFormatted":null,"smartDiscountFormattedAttributesString":null,"__typename":"ItemsResponseBackedItemPriceItemCardSection"},"itemDetails":{"dealAppliedLabelString":null,"dealAppliedSoFarMessageString":null,"fullPriceString":null,"mixAndMatchItemsTitleString":"Available Mix \u0026 Match items","mixAndMatchItemsVariant":"hide","priceAriaLabelString":"$4.61","priceEstimateVariant":"hide","pricePerUnitString":"$0.33/oz","priceString":"$4.61","pricingUnitSecondaryString":null,"pricingUnitString":null,"saleDisclaimerString":null,"addLoyaltyCardString":null,"loyaltyProgramVariant":"hide","secondaryTopStringFormatted":null,"secondaryBottomStringFormatted":null,"__typename":"ItemsResponseBackedItemPriceItemDetailsSection"},"sizeSelector":null,"fullPriceString":null,"priceString":"$4.61","priceValueString":"4.61","currencySymbolString":"$","trackingProperties":{"item_tasks":[],"on_sale_ind":{"loyalty":false},"price":"$4.61","price_data_source":"legacy","product_id":"16409075"},"__typename":"ItemsResponseBackedItemPriceSection"},"parWeightTotalEstimate":{"id":"cf32cabd","viewSection":{"parWeightString":null,"__typename":"ItemsResponseBackedParWeightTotalEstimateSection"},"__typename":"ItemsParWeightTotalEstimate"},"greatPrice":null,"__typename":"ItemsItemPrice"}},{"id":"items_40286-18760683","itemLoadId":null,"name":"El Venado Foods Ground Menudo Mix","size":"2 oz","productId":"18760683","legacyId":"1430658161","legacyV3Id":"item_1430658161","configurableProductId":null,"brandName":"el venado foods","brandId":"316730","evergreenUrl":"18760683-el-venado-foods-ground-menudo-mix-2-oz","inStoreItemLocation":null,"retailer":{"isUltrafast":false,"__typename":"RetailersRetailer"},"dietary":{"mlDietaryAttributes":null,"mlShoppingAttributes":[],"viewSection":{"attributesString":null,"attributeSections":[],"attributeBadgeImage":null,"__typename":"ItemsResponseBackedDietarySection"},"__typename":"ItemsDietary"},"itemEbt":null,"itemFreshFunds":null,"itemMedicare":null,"productRating":null,"productCanonicalUrl":null,"quantityAttributesEach":{"increment":1,"initial":1,"max":500,"min":1,"quantityType":"each","selectOptions":[1,2,3,4,5,6,7,8,9],"defaultSelectOption":1,"parWeight":null,"viewSection":{"maxedOutString":"Max 500 per order","minReachedString":null,"unitAriaString":"item","unitPluralAriaString":"items","unitPluralString":"ct","unitString":"ct","iconUnitTypeVisibilityVariant":"hide","variableWeightDisclaimerString":null,"variableWeightDisclaimerLongString":null,"totalWeightEstimateTemplateString":null,"totalWeightEstimateTemplatePluralString":null,"parWeightDisplayString":null,"quantityUnitVisibilityVariant":"show","stepperUnitTypeVisibilityVariant":"hide","__typename":"ItemsResponseBackedQuantityAttributesSection"},"__typename":"ItemsQuantityAttributes"},"quantityAttributesWeight":null,"quantityAttributes":{"increment":1,"initial":1,"max":500,"min":1,"quantityType":"each","selectOptions":[1,2,3,4,5,6,7,8,9],"defaultSelectOption":1,"parWeight":null,"viewSection":{"maxedOutString":"Max 500 per order","minReachedString":null,"unitAriaString":"item","unitPluralAriaString":"items","unitPluralString":"ct","unitString":"ct","iconUnitTypeVisibilityVariant":"hide","variableWeightDisclaimerString":null,"variableWeightDisclaimerLongString":null,"totalWeightEstimateTemplateString":null,"totalWeightEstimateTemplatePluralString":null,"parWeightDisplayString":null,"quantityUnitVisibilityVariant":"show","stepperUnitTypeVisibilityVariant":"hide","__typename":"ItemsResponseBackedQuantityAttributesSection"},"__typename":"ItemsQuantityAttributes"},"availability":{"available":true,"stockLevel":"inStock","blackoutTimes":null,"viewSection":{"stockLevelLabelString":"In stock","outOfStockCtaString":null,"similarItemsActionVariant":"none","warningIconImage":null,"__typename":"AvailabilityResponseBackedAvailabilitySection"},"__typename":"ItemsAvailability"},"variantGroup":null,"variantGroupId":null,"variantDimensionValues":[],"viewSection":{"itemImage":{"altText":null,"templateUrl":"https://www.instacart.com/image-server/{width=}x{height=}/filters:fill(FFFFFF,true):format(jpg)/d2lnr5mha7bycj.cloudfront.net/product-image/file/large_fcf28e00-9a2e-431c-bf17-30a0c060aef9.jpg","url":"https://d2lnr5mha7bycj.cloudfront.net/product-image/file/large_fcf28e00-9a2e-431c-bf17-30a0c060aef9.jpg","__typename":"Image"},"trackingProperties":{"availability_score":0.813,"available_ind":true,"blackout":false,"element_attributes":{"attributes":[],"low_stock_label":false},"element_details":{"element_id":"items_40286-18760683","element_type":"item","item_tags":[],"product_id":"18760683","retailer_id":"1253","retailer_location_id":"40286"},"external_sku_id":null,"item_id":"1430658161","item_name":"El Venado Foods Ground Menudo Mix","itemsview___layouts___itemsresponsebacked___item":"fde84a96-122c-40d3-8629-124870a9cf8f","low_stock_label":false,"low_stock_variant":"none","on_sale_ind":{"buy_one_get_one":false,"cpg_coupon":false,"on_sale":false,"retailer":false},"product_category_name":"Latin and Hispanic Seasoning Mixes","product_id":"18760683","restricted_for_targeting_and_sharing":false,"stock_level":"in_stock"},"itemCardRatingVariant":"hidden","itemCardQuickAddVariant":"control","itemCardDiscountBadgeVariant":"hide","itemCardLowStockLevelVariant":"visible","itemCardPricePerUnitVariant":"hide","quantityAttributesVariant":"eachAndWeight","hideActionsOnCartItemVariant":"true","itemCardHideQuickAddPriceVariant":"show","itemCardHideSizeVariant":"show","lowStockVariant":"none","boughtXTimesString":null,"requestAddString":null,"servingSizeString":null,"itemString":"Item","retailerReferenceCodeString":null,"retailerLookupCodeString":null,"variantDimensionsString":null,"tastingNotesString":null,"rewardProgramLabelString":null,"nameStringFormatted":{"id":"503905ed","sections":[{"id":"b45f6e02","name":"bodymedium2","content":"El Venado Foods Ground Menudo Mix","__typename":"ViewFormattedStringSection"}],"__typename":"ViewFormattedString"},"taxStringFormatted":null,"fsaHsaEligibleString":null,"itemTransparentImage":null,"__typename":"ItemsResponseBackedItemSection"},"tags":[],"comboPromotions":[],"nutritionalAttributes":null,"__typename":"ItemsItem","price":{"id":"items_40286-18760683","itemId":"items_40286-18760683","debugProperties":{},"viewSection":{"badge":null,"itemCard":{"id":"items_response_backed:61da874a:item_price:f68134ab:item_card","fullPriceString":null,"priceAriaLabelString":"$1.57","pricePerUnitString":null,"priceString":"$1.57","pricingUnitSecondaryString":null,"pricingUnitString":"2 oz","trackingProperties":{"item_card_impression_id":"fabb6326-50af-4be9-82d7-e2207810d6bd"},"discountHeaderString":null,"discountSubHeaderString":"off!","priceSuffixString":"","plainFullPriceString":null,"priceScreenReaderString":"Current price: $1.57","fullPriceScreenReaderString":null,"priceBackgroundVariant":"hide","loyaltyProgramVariant":"hide","pricingUnitConvergenceVariant":"variant","badgeVisibilityVariant":"hide","priceStringFormatted":{"id":"8ec65555","sections":[{"id":"4cb81be4","name":"small_currency_symbol","content":"$","__typename":"ViewFormattedStringSection"},{"id":"8879d8f0","name":"dollar","content":"1","__typename":"ViewFormattedStringSection"},{"id":"ec291fcb","name":"cents","content":"57","__typename":"ViewFormattedStringSection"}],"__typename":"ViewFormattedString"},"offerLabelStringFormatted":null,"loyaltyPriceStringFormatted":null,"nonLoyaltyPriceStringFormatted":null,"loyaltyPriceStringPositionVariant":"control","secondaryTopStringFormatted":null,"secondaryBottomStringFormatted":null,"smartDiscountFormattedAttributesString":null,"__typename":"ItemsResponseBackedItemPriceItemCardSection"},"itemDetails":{"dealAppliedLabelString":null,"dealAppliedSoFarMessageString":null,"fullPriceString":null,"mixAndMatchItemsTitleString":"Available Mix \u0026 Match items","mixAndMatchItemsVariant":"hide","priceAriaLabelString":"$1.57","priceEstimateVariant":"hide","pricePerUnitString":"$0.78/oz","priceString":"$1.57","pricingUnitSecondaryString":null,"pricingUnitString":"2 oz","saleDisclaimerString":null,"addLoyaltyCardString":null,"loyaltyProgramVariant":"hide","secondaryTopStringFormatted":null,"secondaryBottomStringFormatted":null,"__typename":"ItemsResponseBackedItemPriceItemDetailsSection"},"sizeSelector":null,"fullPriceString":null,"priceString":"$1.57","priceValueString":"1.57","currencySymbolString":"$","trackingProperties":{"item_tasks":[],"on_sale_ind":{"loyalty":false},"price":"$1.57","price_data_source":"legacy","product_id":"18760683"},"__typename":"ItemsResponseBackedItemPriceSection"},"parWeightTotalEstimate":{"id":"e8502424","viewSection":{"parWeightString":null,"__typename":"ItemsResponseBackedParWeightTotalEstimateSection"},"__typename":"ItemsParWeightTotalEstimate"},"greatPrice":null,"__typename":"ItemsItemPrice"}},{"id":"items_40286-21163751","itemLoadId":null,"name":"El Venado Red Fajita Seasoning","size":"24 oz","productId":"21163751","legacyId":"1439228975","legacyV3Id":"item_1439228975","configurableProductId":null,"brandName":"el venado","brandId":"316732","evergreenUrl":"21163751-el-venado-red-fajita-seasoning-24-oz","inStoreItemLocation":null,"retailer":{"isUltrafast":false,"__typename":"RetailersRetailer"},"dietary":{"mlDietaryAttributes":null,"mlShoppingAttributes":[],"viewSection":{"attributesString":null,"attributeSections":[{"id":"items_response_backed:e919f8c8:dietary:d2326acf:attribute_section:e2f30509","attributeString":"Peanut free","iconVariant":null,"itemCardVisibilityVariant":"show","itemDetailsVisibilityVariant":"show","colorHexString":null,"iconImage":null,"trackingProperties":{"badge_display_value":"Peanut free","badge_id":"993","badge_type":"dietary"},"__typename":"ItemsResponseBackedAttributeSectionSection"},{"id":"items_response_backed:e919f8c8:dietary:d2326acf:attribute_section:07b6e423","attributeString":"Keto diet","iconVariant":null,"itemCardVisibilityVariant":"show","itemDetailsVisibilityVariant":"show","colorHexString":null,"iconImage":null,"trackingProperties":{"badge_display_value":"Keto diet","badge_id":"995","badge_type":"dietary"},"__typename":"ItemsResponseBackedAttributeSectionSection"},{"id":"items_response_backed:e919f8c8:dietary:d2326acf:attribute_section:64edcb5c","attributeString":"Fat free","iconVariant":null,"itemCardVisibilityVariant":"show","itemDetailsVisibilityVariant":"show","colorHexString":null,"iconImage":null,"trackingProperties":{"badge_display_value":"Fat free","badge_id":"1024","badge_type":"dietary"},"__typename":"ItemsResponseBackedAttributeSectionSection"},{"id":"items_response_backed:e919f8c8:dietary:d2326acf:attribute_section:1814c668","attributeString":"Carb free","iconVariant":null,"itemCardVisibilityVariant":"show","itemDetailsVisibilityVariant":"show","colorHexString":null,"iconImage":null,"trackingProperties":{"badge_display_value":"Carb free","badge_id":"1026","badge_type":"dietary"},"__typename":"ItemsResponseBackedAttributeSectionSection"}],"attributeBadgeImage":null,"__typename":"ItemsResponseBackedDietarySection"},"__typename":"ItemsDietary"},"itemEbt":null,"itemFreshFunds":null,"itemMedicare":null,"productRating":null,"productCanonicalUrl":null,"quantityAttributesEach":{"increment":1,"initial":1,"max":500,"min":1,"quantityType":"each","selectOptions":[1,2,3,4,5,6,7,8,9],"defaultSelectOption":1,"parWeight":null,"viewSection":{"maxedOutString":"Max 500 per order","minReachedString":null,"unitAriaString":"item","unitPluralAriaString":"items","unitPluralString":"ct","unitString":"ct","iconUnitTypeVisibilityVariant":"hide","variableWeightDisclaimerString":null,"variableWeightDisclaimerLongString":null,"totalWeightEstimateTemplateString":null,"totalWeightEstimateTemplatePluralString":null,"parWeightDisplayString":null,"quantityUnitVisibilityVariant":"show","stepperUnitTypeVisibilityVariant":"hide","__typename":"ItemsResponseBackedQuantityAttributesSection"},"__typename":"ItemsQuantityAttributes"},"quantityAttributesWeight":null,"quantityAttributes":{"increment":1,"initial":1,"max":500,"min":1,"quantityType":"each","selectOptions":[1,2,3,4,5,6,7,8,9],"defaultSelectOption":1,"parWeight":null,"viewSection":{"maxedOutString":"Max 500 per order","minReachedString":null,"unitAriaString":"item","unitPluralAriaString":"items","unitPluralString":"ct","unitString":"ct","iconUnitTypeVisibilityVariant":"hide","variableWeightDisclaimerString":null,"variableWeightDisclaimerLongString":null,"totalWeightEstimateTemplateString":null,"totalWeightEstimateTemplatePluralString":null,"parWeightDisplayString":null,"quantityUnitVisibilityVariant":"show","stepperUnitTypeVisibilityVariant":"hide","__typename":"ItemsResponseBackedQuantityAttributesSection"},"__typename":"ItemsQuantityAttributes"},"availability":{"available":true,"stockLevel":"inStock","blackoutTimes":null,"viewSection":{"stockLevelLabelString":"In stock","outOfStockCtaString":null,"similarItemsActionVariant":"none","warningIconImage":null,"__typename":"AvailabilityResponseBackedAvailabilitySection"},"__typename":"ItemsAvailability"},"variantGroup":null,"variantGroupId":null,"variantDimensionValues":[],"viewSection":{"itemImage":{"altText":null,"templateUrl":"https://www.instacart.com/image-server/{width=}x{height=}/filters:fill(FFFFFF,true):format(jpg)/d2lnr5mha7bycj.cloudfront.net/product-image/file/large_4c1a44d0-15e9-4acd-84d8-b93a1c7e6f75.png","url":"https://d2lnr5mha7bycj.cloudfront.net/product-image/file/large_4c1a44d0-15e9-4acd-84d8-b93a1c7e6f75.png","__typename":"Image"},"trackingProperties":{"availability_score":0.8231,"available_ind":true,"blackout":false,"element_attributes":{"attributes":[{"id":"993","value":"peanut_free_claim"},{"id":"995","value":"keto_diet_claim"},{"id":"1024","value":"fat_free_claim"},{"id":"1026","value":"carb_free_claim"}],"low_stock_label":false},"element_details":{"element_id":"items_40286-21163751","element_type":"item","item_tags":[],"product_id":"21163751","retailer_id":"1253","retailer_location_id":"40286"},"external_sku_id":null,"item_id":"1439228975","item_name":"El Venado Red Fajita Seasoning","itemsview___layouts___itemsresponsebacked___item":"d0cc36f2-8615-4437-8162-a0fad2b2c185","low_stock_label":false,"low_stock_variant":"none","on_sale_ind":{"buy_one_get_one":false,"cpg_coupon":false,"on_sale":false,"retailer":false},"product_category_name":"Latin and Hispanic Seasoning Mixes","product_id":"21163751","restricted_for_targeting_and_sharing":false,"stock_level":"in_stock"},"itemCardRatingVariant":"hidden","itemCardQuickAddVariant":"control","itemCardDiscountBadgeVariant":"hide","itemCardLowStockLevelVariant":"visible","itemCardPricePerUnitVariant":"hide","quantityAttributesVariant":"eachAndWeight","hideActionsOnCartItemVariant":"true","itemCardHideQuickAddPriceVariant":"show","itemCardHideSizeVariant":"show","lowStockVariant":"none","boughtXTimesString":null,"requestAddString":null,"servingSizeString":null,"itemString":"Item","retailerReferenceCodeString":null,"retailerLookupCodeString":null,"variantDimensionsString":null,"tastingNotesString":null,"rewardProgramLabelString":null,"nameStringFormatted":{"id":"d46b6733","sections":[{"id":"7890e9ce","name":"bodymedium2","content":"El Venado Red Fajita Seasoning","__typename":"ViewFormattedStringSection"}],"__typename":"ViewFormattedString"},"taxStringFormatted":null,"fsaHsaEligibleString":null,"itemTransparentImage":null,"__typename":"ItemsResponseBackedItemSection"},"tags":[],"comboPromotions":[],"nutritionalAttributes":null,"__typename":"ItemsItem","price":{"id":"items_40286-21163751","itemId":"items_40286-21163751","debugProperties":{},"viewSection":{"badge":null,"itemCard":{"id":"items_response_backed:d5d34e23:item_price:a51fbe2f:item_card","fullPriceString":null,"priceAriaLabelString":"$10.20","pricePerUnitString":null,"priceString":"$10.20","pricingUnitSecondaryString":null,"pricingUnitString":"24 oz","trackingProperties":{"item_card_impression_id":"06eafc27-f253-4b80-a7d9-a8c1a62f0ff3"},"discountHeaderString":null,"discountSubHeaderString":"off!","priceSuffixString":"","plainFullPriceString":null,"priceScreenReaderString":"Current price: $10.20","fullPriceScreenReaderString":null,"priceBackgroundVariant":"hide","loyaltyProgramVariant":"hide","pricingUnitConvergenceVariant":"variant","badgeVisibilityVariant":"hide","priceStringFormatted":{"id":"bdd326ad","sections":[{"id":"40bb4a4d","name":"small_currency_symbol","content":"$","__typename":"ViewFormattedStringSection"},{"id":"300d6a9a","name":"dollar","content":"10","__typename":"ViewFormattedStringSection"},{"id":"1646aabb","name":"cents","content":"20","__typename":"ViewFormattedStringSection"}],"__typename":"ViewFormattedString"},"offerLabelStringFormatted":null,"loyaltyPriceStringFormatted":null,"nonLoyaltyPriceStringFormatted":null,"loyaltyPriceStringPositionVariant":"control","secondaryTopStringFormatted":null,"secondaryBottomStringFormatted":null,"smartDiscountFormattedAttributesString":null,"__typename":"ItemsResponseBackedItemPriceItemCardSection"},"itemDetails":{"dealAppliedLabelString":null,"dealAppliedSoFarMessageString":null,"fullPriceString":null,"mixAndMatchItemsTitleString":"Available Mix \u0026 Match items","mixAndMatchItemsVariant":"hide","priceAriaLabelString":"$10.20","priceEstimateVariant":"hide","pricePerUnitString":"$0.42/oz","priceString":"$10.20","pricingUnitSecondaryString":null,"pricingUnitString":"24 oz","saleDisclaimerString":null,"addLoyaltyCardString":null,"loyaltyProgramVariant":"hide","secondaryTopStringFormatted":null,"secondaryBottomStringFormatted":null,"__typename":"ItemsResponseBackedItemPriceItemDetailsSection"},"sizeSelector":null,"fullPriceString":null,"priceString":"$10.20","priceValueString":"10.2","currencySymbolString":"$","trackingProperties":{"item_tasks":[],"on_sale_ind":{"loyalty":false},"price":"$10.20","price_data_source":"legacy","product_id":"21163751"},"__typename":"ItemsResponseBackedItemPriceSection"},"parWeightTotalEstimate":{"id":"b38b7849","viewSection":{"parWeightString":null,"__typename":"ItemsResponseBackedParWeightTotalEstimateSection"},"__typename":"ItemsParWeightTotalEstimate"},"greatPrice":null,"__typename":"ItemsItemPrice"}},{"id":"items_40286-2730343","itemLoadId":null,"name":"Selecta Wheat Flour, Enriched, All Purpose","size":"2 lb","productId":"2730343","legacyId":"1430798034","legacyV3Id":"item_1430798034","configurableProductId":null,"brandName":"selecta","brandId":"21076","evergreenUrl":"2730343-selecta-wheat-flour-enriched-all-purpose-2-lb","inStoreItemLocation":null,"retailer":{"isUltrafast":false,"__typename":"RetailersRetailer"},"dietary":{"mlDietaryAttributes":null,"mlShoppingAttributes":["low_sugar"],"viewSection":{"attributesString":null,"attributeSections":[],"attributeBadgeImage":null,"__typename":"ItemsResponseBackedDietarySection"},"__typename":"ItemsDietary"},"itemEbt":null,"itemFreshFunds":null,"itemMedicare":null,"productRating":null,"productCanonicalUrl":null,"quantityAttributesEach":{"increment":1,"initial":1,"max":500,"min":1,"quantityType":"each","selectOptions":[1,2,3,4,5,6,7,8,9],"defaultSelectOption":1,"parWeight":null,"viewSection":{"maxedOutString":"Max 500 per order","minReachedString":null,"unitAriaString":"item","unitPluralAriaString":"items","unitPluralString":"ct","unitString":"ct","iconUnitTypeVisibilityVariant":"hide","variableWeightDisclaimerString":null,"variableWeightDisclaimerLongString":null,"totalWeightEstimateTemplateString":null,"totalWeightEstimateTemplatePluralString":null,"parWeightDisplayString":null,"quantityUnitVisibilityVariant":"show","stepperUnitTypeVisibilityVariant":"hide","__typename":"ItemsResponseBackedQuantityAttributesSection"},"__typename":"ItemsQuantityAttributes"},"quantityAttributesWeight":null,"quantityAttributes":{"increment":1,"initial":1,"max":500,"min":1,"quantityType":"each","selectOptions":[1,2,3,4,5,6,7,8,9],"defaultSelectOption":1,"parWeight":null,"viewSection":{"maxedOutString":"Max 500 per order","minReachedString":null,"unitAriaString":"item","unitPluralAriaString":"items","unitPluralString":"ct","unitString":"ct","iconUnitTypeVisibilityVariant":"hide","variableWeightDisclaimerString":null,"variableWeightDisclaimerLongString":null,"totalWeightEstimateTemplateString":null,"totalWeightEstimateTemplatePluralString":null,"parWeightDisplayString":null,"quantityUnitVisibilityVariant":"show","stepperUnitTypeVisibilityVariant":"hide","__typename":"ItemsResponseBackedQuantityAttributesSection"},"__typename":"ItemsQuantityAttributes"},"availability":{"available":true,"stockLevel":"highlyInStock","blackoutTimes":null,"viewSection":{"stockLevelLabelString":"Many in stock","outOfStockCtaString":null,"similarItemsActionVariant":"none","warningIconImage":{"id":"b1f466e3","url":"https://www.instacart.com/assets/dependability/item_availability/highly_in_stock-18910a57dac5f8e2db073c800e1742558d519cc5d5b20f375efa8a495462471c.png","__typename":"Image"},"__typename":"AvailabilityResponseBackedAvailabilitySection"},"__typename":"ItemsAvailability"},"variantGroup":null,"variantGroupId":null,"variantDimensionValues":[],"viewSection":{"itemImage":{"altText":null,"templateUrl":"https://www.instacart.com/image-server/{width=}x{height=}/filters:fill(FFFFFF,true):format(jpg)/d2lnr5mha7bycj.cloudfront.net/product-image/file/large_207fb70e-28b4-45c4-8fed-536cebf6ebe9.png","url":"https://d2lnr5mha7bycj.cloudfront.net/product-image/file/large_207fb70e-28b4-45c4-8fed-536cebf6ebe9.png","__typename":"Image"},"trackingProperties":{"availability_score":0.9142,"available_ind":true,"blackout":false,"element_attributes":{"attributes":[],"low_stock_label":false},"element_details":{"element_id":"items_40286-2730343","element_type":"item","item_tags":[],"product_id":"2730343","retailer_id":"1253","retailer_location_id":"40286"},"external_sku_id":null,"item_id":"1430798034","item_name":"Selecta Wheat Flour, Enriched, All Purpose","itemsview___layouts___itemsresponsebacked___item":"b6d2549d-741f-468f-9f8f-f80737d2d349","low_stock_label":false,"low_stock_variant":"none","on_sale_ind":{"buy_one_get_one":false,"cpg_coupon":false,"on_sale":false,"retailer":false},"product_category_name":"All Purpose Flour","product_id":"2730343","restricted_for_targeting_and_sharing":false,"stock_level":"highly_in_stock"},"itemCardRatingVariant":"hidden","itemCardQuickAddVariant":"control","itemCardDiscountBadgeVariant":"hide","itemCardLowStockLevelVariant":"visible","itemCardPricePerUnitVariant":"hide","quantityAttributesVariant":"eachAndWeight","hideActionsOnCartItemVariant":"true","itemCardHideQuickAddPriceVariant":"show","itemCardHideSizeVariant":"show","lowStockVariant":"none","boughtXTimesString":null,"requestAddString":null,"servingSizeString":null,"itemString":"Item","retailerReferenceCodeString":null,"retailerLookupCodeString":null,"variantDimensionsString":null,"tastingNotesString":null,"rewardProgramLabelString":null,"nameStringFormatted":{"id":"4a9c5806","sections":[{"id":"be8e3e70","name":"bodymedium2","content":"Selecta Wheat Flour, Enriched, All Purpose","__typename":"ViewFormattedStringSection"}],"__typename":"ViewFormattedString"},"taxStringFormatted":null,"fsaHsaEligibleString":null,"itemTransparentImage":null,"__typename":"ItemsResponseBackedItemSection"},"tags":[],"comboPromotions":[],"nutritionalAttributes":[{"viewSection":{"shortLabelString":"Sod","unitString":"mg","valueString":"0","__typename":"ItemsResponseBackedNutritionAttributeSection"},"__typename":"ItemsNutritionAttribute"},{"viewSection":{"shortLabelString":"Sug","unitString":"g","valueString":"0","__typename":"ItemsResponseBackedNutritionAttributeSection"},"__typename":"ItemsNutritionAttribute"},{"viewSection":{"shortLabelString":"Fat","unitString":"g","valueString":"0","__typename":"ItemsResponseBackedNutritionAttributeSection"},"__typename":"ItemsNutritionAttribute"},{"viewSection":{"shortLabelString":"Cal","unitString":"","valueString":"100","__typename":"ItemsResponseBackedNutritionAttributeSection"},"__typename":"ItemsNutritionAttribute"}],"__typename":"ItemsItem","price":{"id":"items_40286-2730343","itemId":"items_40286-2730343","debugProperties":{},"viewSection":{"badge":null,"itemCard":{"id":"items_response_backed:3cfc5784:item_price:161b68e6:item_card","fullPriceString":null,"priceAriaLabelString":"$1.93","pricePerUnitString":null,"priceString":"$1.93","pricingUnitSecondaryString":null,"pricingUnitString":"2 lb","trackingProperties":{"item_card_impression_id":"b3964607-df38-4ebf-861d-2fda761053a1"},"discountHeaderString":null,"discountSubHeaderString":"off!","priceSuffixString":"","plainFullPriceString":null,"priceScreenReaderString":"Current price: $1.93","fullPriceScreenReaderString":null,"priceBackgroundVariant":"hide","loyaltyProgramVariant":"hide","pricingUnitConvergenceVariant":"variant","badgeVisibilityVariant":"hide","priceStringFormatted":{"id":"9b56166f","sections":[{"id":"2a115ea7","name":"small_currency_symbol","content":"$","__typename":"ViewFormattedStringSection"},{"id":"d95d536c","name":"dollar","content":"1","__typename":"ViewFormattedStringSection"},{"id":"f9eafba1","name":"cents","content":"93","__typename":"ViewFormattedStringSection"}],"__typename":"ViewFormattedString"},"offerLabelStringFormatted":null,"loyaltyPriceStringFormatted":null,"nonLoyaltyPriceStringFormatted":null,"loyaltyPriceStringPositionVariant":"control","secondaryTopStringFormatted":null,"secondaryBottomStringFormatted":null,"smartDiscountFormattedAttributesString":null,"__typename":"ItemsResponseBackedItemPriceItemCardSection"},"itemDetails":{"dealAppliedLabelString":null,"dealAppliedSoFarMessageString":null,"fullPriceString":null,"mixAndMatchItemsTitleString":"Available Mix \u0026 Match items","mixAndMatchItemsVariant":"hide","priceAriaLabelString":"$1.93","priceEstimateVariant":"hide","pricePerUnitString":"$0.06/oz","priceString":"$1.93","pricingUnitSecondaryString":null,"pricingUnitString":"2 lb","saleDisclaimerString":null,"addLoyaltyCardString":null,"loyaltyProgramVariant":"hide","secondaryTopStringFormatted":null,"secondaryBottomStringFormatted":null,"__typename":"ItemsResponseBackedItemPriceItemDetailsSection"},"sizeSelector":null,"fullPriceString":null,"priceString":"$1.93","priceValueString":"1.93","currencySymbolString":"$","trackingProperties":{"item_tasks":[],"on_sale_ind":{"loyalty":false},"price":"$1.93","price_data_source":"legacy","product_id":"2730343"},"__typename":"ItemsResponseBackedItemPriceSection"},"parWeightTotalEstimate":{"id":"4063b16b","viewSection":{"parWeightString":null,"__typename":"ItemsResponseBackedParWeightTotalEstimateSection"},"__typename":"ItemsParWeightTotalEstimate"},"greatPrice":null,"__typename":"ItemsItemPrice"}},{"id":"items_40286-21163087","itemLoadId":null,"name":"Red Seasoned El Ven Fajita","size":"7 oz","productId":"21163087","legacyId":"1439054336","legacyV3Id":"item_1439054336","configurableProductId":null,"brandName":null,"brandId":null,"evergreenUrl":"21163087-red-seasoned-el-ven-fajita-7-oz","inStoreItemLocation":null,"retailer":{"isUltrafast":false,"__typename":"RetailersRetailer"},"dietary":{"mlDietaryAttributes":null,"mlShoppingAttributes":[],"viewSection":{"attributesString":null,"attributeSections":[],"attributeBadgeImage":null,"__typename":"ItemsResponseBackedDietarySection"},"__typename":"ItemsDietary"},"itemEbt":null,"itemFreshFunds":null,"itemMedicare":null,"productRating":null,"productCanonicalUrl":null,"quantityAttributesEach":{"increment":1,"initial":1,"max":500,"min":1,"quantityType":"each","selectOptions":[1,2,3,4,5,6,7,8,9],"defaultSelectOption":1,"parWeight":null,"viewSection":{"maxedOutString":"Max 500 per order","minReachedString":null,"unitAriaString":"item","unitPluralAriaString":"items","unitPluralString":"ct","unitString":"ct","iconUnitTypeVisibilityVariant":"hide","variableWeightDisclaimerString":null,"variableWeightDisclaimerLongString":null,"totalWeightEstimateTemplateString":null,"totalWeightEstimateTemplatePluralString":null,"parWeightDisplayString":null,"quantityUnitVisibilityVariant":"show","stepperUnitTypeVisibilityVariant":"hide","__typename":"ItemsResponseBackedQuantityAttributesSection"},"__typename":"ItemsQuantityAttributes"},"quantityAttributesWeight":null,"quantityAttributes":{"increment":1,"initial":1,"max":500,"min":1,"quantityType":"each","selectOptions":[1,2,3,4,5,6,7,8,9],"defaultSelectOption":1,"parWeight":null,"viewSection":{"maxedOutString":"Max 500 per order","minReachedString":null,"unitAriaString":"item","unitPluralAriaString":"items","unitPluralString":"ct","unitString":"ct","iconUnitTypeVisibilityVariant":"hide","variableWeightDisclaimerString":null,"variableWeightDisclaimerLongString":null,"totalWeightEstimateTemplateString":null,"totalWeightEstimateTemplatePluralString":null,"parWeightDisplayString":null,"quantityUnitVisibilityVariant":"show","stepperUnitTypeVisibilityVariant":"hide","__typename":"ItemsResponseBackedQuantityAttributesSection"},"__typename":"ItemsQuantityAttributes"},"availability":{"available":true,"stockLevel":"highlyInStock","blackoutTimes":null,"viewSection":{"stockLevelLabelString":"Many in stock","outOfStockCtaString":null,"similarItemsActionVariant":"none","warningIconImage":{"id":"aa157e4e","url":"https://www.instacart.com/assets/dependability/item_availability/highly_in_stock-18910a57dac5f8e2db073c800e1742558d519cc5d5b20f375efa8a495462471c.png","__typename":"Image"},"__typename":"AvailabilityResponseBackedAvailabilitySection"},"__typename":"ItemsAvailability"},"variantGroup":null,"variantGroupId":null,"variantDimensionValues":[],"viewSection":{"itemImage":{"altText":null,"templateUrl":"https://www.instacart.com/image-server/{width=}x{height=}/filters:fill(FFFFFF,true):format(jpg)/d2lnr5mha7bycj.cloudfront.net/product-image/file/large_77c44553-8f46-4580-9c59-b445a679c600.jpg","url":"https://d2lnr5mha7bycj.cloudfront.net/product-image/file/large_77c44553-8f46-4580-9c59-b445a679c600.jpg","__typename":"Image"},"trackingProperties":{"availability_score":0.9259,"available_ind":true,"blackout":false,"element_attributes":{"attributes":[],"low_stock_label":false},"element_details":{"element_id":"items_40286-21163087","element_type":"item","item_tags":[],"product_id":"21163087","retailer_id":"1253","retailer_location_id":"40286"},"external_sku_id":null,"item_id":"1439054336","item_name":"Red Seasoned El Ven Fajita","itemsview___layouts___itemsresponsebacked___item":"a87e156a-e10c-40b4-813b-02fc0317fe41","low_stock_label":false,"low_stock_variant":"none","on_sale_ind":{"buy_one_get_one":false,"cpg_coupon":false,"on_sale":false,"retailer":false},"product_category_name":"Latin and Hispanic Seasoning Mixes","product_id":"21163087","restricted_for_targeting_and_sharing":false,"stock_level":"highly_in_stock"},"itemCardRatingVariant":"hidden","itemCardQuickAddVariant":"control","itemCardDiscountBadgeVariant":"hide","itemCardLowStockLevelVariant":"visible","itemCardPricePerUnitVariant":"hide","quantityAttributesVariant":"eachAndWeight","hideActionsOnCartItemVariant":"true","itemCardHideQuickAddPriceVariant":"show","itemCardHideSizeVariant":"show","lowStockVariant":"none","boughtXTimesString":null,"requestAddString":null,"servingSizeString":null,"itemString":"Item","retailerReferenceCodeString":null,"retailerLookupCodeString":null,"variantDimensionsString":null,"tastingNotesString":null,"rewardProgramLabelString":null,"nameStringFormatted":{"id":"e8e99fdb","sections":[{"id":"396593ce","name":"bodymedium2","content":"Red Seasoned El Ven Fajita","__typename":"ViewFormattedStringSection"}],"__typename":"ViewFormattedString"},"taxStringFormatted":null,"fsaHsaEligibleString":null,"itemTransparentImage":null,"__typename":"ItemsResponseBackedItemSection"},"tags":[],"comboPromotions":[],"nutritionalAttributes":null,"__typename":"ItemsItem","price":{"id":"items_40286-21163087","itemId":"items_40286-21163087","debugProperties":{},"viewSection":{"badge":null,"itemCard":{"id":"items_response_backed:bd485d2c:item_price:ab1d96ad:item_card","fullPriceString":null,"priceAriaLabelString":"$4.24","pricePerUnitString":null,"priceString":"$4.24","pricingUnitSecondaryString":null,"pricingUnitString":"7 oz","trackingProperties":{"item_card_impression_id":"36e9b7b2-6c84-4445-bdaf-3288cc7c48d5"},"discountHeaderString":null,"discountSubHeaderString":"off!","priceSuffixString":"","plainFullPriceString":null,"priceScreenReaderString":"Current price: $4.24","fullPriceScreenReaderString":null,"priceBackgroundVariant":"hide","loyaltyProgramVariant":"hide","pricingUnitConvergenceVariant":"variant","badgeVisibilityVariant":"hide","priceStringFormatted":{"id":"0ba51f96","sections":[{"id":"70577f10","name":"small_currency_symbol","content":"$","__typename":"ViewFormattedStringSection"},{"id":"32aba278","name":"dollar","content":"4","__typename":"ViewFormattedStringSection"},{"id":"c3bc3d51","name":"cents","content":"24","__typename":"ViewFormattedStringSection"}],"__typename":"ViewFormattedString"},"offerLabelStringFormatted":null,"loyaltyPriceStringFormatted":null,"nonLoyaltyPriceStringFormatted":null,"loyaltyPriceStringPositionVariant":"control","secondaryTopStringFormatted":null,"secondaryBottomStringFormatted":null,"smartDiscountFormattedAttributesString":null,"__typename":"ItemsResponseBackedItemPriceItemCardSection"},"itemDetails":{"dealAppliedLabelString":null,"dealAppliedSoFarMessageString":null,"fullPriceString":null,"mixAndMatchItemsTitleString":"Available Mix \u0026 Match items","mixAndMatchItemsVariant":"hide","priceAriaLabelString":"$4.24","priceEstimateVariant":"hide","pricePerUnitString":"$0.61/oz","priceString":"$4.24","pricingUnitSecondaryString":null,"pricingUnitString":"7 oz","saleDisclaimerString":null,"addLoyaltyCardString":null,"loyaltyProgramVariant":"hide","secondaryTopStringFormatted":null,"secondaryBottomStringFormatted":null,"__typename":"ItemsResponseBackedItemPriceItemDetailsSection"},"sizeSelector":null,"fullPriceString":null,"priceString":"$4.24","priceValueString":"4.24","currencySymbolString":"$","trackingProperties":{"item_tasks":[],"on_sale_ind":{"loyalty":false},"price":"$4.24","price_data_source":"legacy","product_id":"21163087"},"__typename":"ItemsResponseBackedItemPriceSection"},"parWeightTotalEstimate":{"id":"48cd9351","viewSection":{"parWeightString":null,"__typename":"ItemsResponseBackedParWeightTotalEstimateSection"},"__typename":"ItemsParWeightTotalEstimate"},"greatPrice":null,"__typename":"ItemsItemPrice"}},{"id":"items_40286-38479","itemLoadId":null,"name":"de la Rosa Marshmallows, Strawberry and Vanilla, Giant Size","size":"14.5 oz","productId":"38479","legacyId":"1430571137","legacyV3Id":"item_1430571137","configurableProductId":null,"brandName":"de la rosa","brandId":"908196","evergreenUrl":"38479-de-la-rosa-marshmallows-strawberry-and-vanilla-giant-size-14-81-oz","inStoreItemLocation":null,"retailer":{"isUltrafast":false,"__typename":"RetailersRetailer"},"dietary":{"mlDietaryAttributes":null,"mlShoppingAttributes":[],"viewSection":{"attributesString":null,"attributeSections":[],"attributeBadgeImage":null,"__typename":"ItemsResponseBackedDietarySection"},"__typename":"ItemsDietary"},"itemEbt":null,"itemFreshFunds":null,"itemMedicare":null,"productRating":null,"productCanonicalUrl":null,"quantityAttributesEach":{"increment":1,"initial":1,"max":500,"min":1,"quantityType":"each","selectOptions":[1,2,3,4,5,6,7,8,9],"defaultSelectOption":1,"parWeight":null,"viewSection":{"maxedOutString":"Max 500 per order","minReachedString":null,"unitAriaString":"item","unitPluralAriaString":"items","unitPluralString":"ct","unitString":"ct","iconUnitTypeVisibilityVariant":"hide","variableWeightDisclaimerString":null,"variableWeightDisclaimerLongString":null,"totalWeightEstimateTemplateString":null,"totalWeightEstimateTemplatePluralString":null,"parWeightDisplayString":null,"quantityUnitVisibilityVariant":"show","stepperUnitTypeVisibilityVariant":"hide","__typename":"ItemsResponseBackedQuantityAttributesSection"},"__typename":"ItemsQuantityAttributes"},"quantityAttributesWeight":null,"quantityAttributes":{"increment":1,"initial":1,"max":500,"min":1,"quantityType":"each","selectOptions":[1,2,3,4,5,6,7,8,9],"defaultSelectOption":1,"parWeight":null,"viewSection":{"maxedOutString":"Max 500 per order","minReachedString":null,"unitAriaString":"item","unitPluralAriaString":"items","unitPluralString":"ct","unitString":"ct","iconUnitTypeVisibilityVariant":"hide","variableWeightDisclaimerString":null,"variableWeightDisclaimerLongString":null,"totalWeightEstimateTemplateString":null,"totalWeightEstimateTemplatePluralString":null,"parWeightDisplayString":null,"quantityUnitVisibilityVariant":"show","stepperUnitTypeVisibilityVariant":"hide","__typename":"ItemsResponseBackedQuantityAttributesSection"},"__typename":"ItemsQuantityAttributes"},"availability":{"available":true,"stockLevel":"inStock","blackoutTimes":null,"viewSection":{"stockLevelLabelString":"In stock","outOfStockCtaString":null,"similarItemsActionVariant":"none","warningIconImage":null,"__typename":"AvailabilityResponseBackedAvailabilitySection"},"__typename":"ItemsAvailability"},"variantGroup":null,"variantGroupId":null,"variantDimensionValues":[],"viewSection":{"itemImage":{"altText":null,"templateUrl":"https://www.instacart.com/image-server/{width=}x{height=}/filters:fill(FFFFFF,true):format(jpg)/d2lnr5mha7bycj.cloudfront.net/product-image/file/large_d80aa1a1-84d7-43a0-b4c3-12fb62824f5f.png","url":"https://d2lnr5mha7bycj.cloudfront.net/product-image/file/large_d80aa1a1-84d7-43a0-b4c3-12fb62824f5f.png","__typename":"Image"},"trackingProperties":{"availability_score":0.8815,"available_ind":true,"blackout":false,"element_attributes":{"attributes":[],"low_stock_label":false},"element_details":{"element_id":"items_40286-38479","element_type":"item","item_tags":[],"product_id":"38479","retailer_id":"1253","retailer_location_id":"40286"},"external_sku_id":null,"item_id":"1430571137","item_name":"de la Rosa Marshmallows, Strawberry and Vanilla, Giant Size","itemsview___layouts___itemsresponsebacked___item":"01bee62b-9e0a-4cc2-a8db-207b550a4323","low_stock_label":false,"low_stock_variant":"none","on_sale_ind":{"buy_one_get_one":false,"cpg_coupon":false,"on_sale":false,"retailer":false},"product_category_name":"Marshmallows","product_id":"38479","restricted_for_targeting_and_sharing":false,"stock_level":"in_stock"},"itemCardRatingVariant":"hidden","itemCardQuickAddVariant":"control","itemCardDiscountBadgeVariant":"hide","itemCardLowStockLevelVariant":"visible","itemCardPricePerUnitVariant":"hide","quantityAttributesVariant":"eachAndWeight","hideActionsOnCartItemVariant":"true","itemCardHideQuickAddPriceVariant":"show","itemCardHideSizeVariant":"show","lowStockVariant":"none","boughtXTimesString":null,"requestAddString":null,"servingSizeString":null,"itemString":"Item","retailerReferenceCodeString":null,"retailerLookupCodeString":null,"variantDimensionsString":null,"tastingNotesString":null,"rewardProgramLabelString":null,"nameStringFormatted":{"id":"38cae3b5","sections":[{"id":"eb6570ca","name":"bodymedium2","content":"de la Rosa Marshmallows, Strawberry and Vanilla, Giant Size","__typename":"ViewFormattedStringSection"}],"__typename":"ViewFormattedString"},"taxStringFormatted":null,"fsaHsaEligibleString":null,"itemTransparentImage":null,"__typename":"ItemsResponseBackedItemSection"},"tags":[],"comboPromotions":[],"nutritionalAttributes":[{"viewSection":{"shortLabelString":"Sod","unitString":"mg","valueString":"15","__typename":"ItemsResponseBackedNutritionAttributeSection"},"__typename":"ItemsNutritionAttribute"},{"viewSection":{"shortLabelString":"Sug","unitString":"g","valueString":"20","__typename":"ItemsResponseBackedNutritionAttributeSection"},"__typename":"ItemsNutritionAttribute"},{"viewSection":{"shortLabelString":"Fat","unitString":"g","valueString":"0","__typename":"ItemsResponseBackedNutritionAttributeSection"},"__typename":"ItemsNutritionAttribute"},{"viewSection":{"shortLabelString":"Cal","unitString":"","valueString":"110","__typename":"ItemsResponseBackedNutritionAttributeSection"},"__typename":"ItemsNutritionAttribute"}],"__typename":"ItemsItem","price":{"id":"items_40286-38479","itemId":"items_40286-38479","debugProperties":{},"viewSection":{"badge":null,"itemCard":{"id":"items_response_backed:f99ae29c:item_price:426c8709:item_card","fullPriceString":null,"priceAriaLabelString":"$4.20","pricePerUnitString":null,"priceString":"$4.20","pricingUnitSecondaryString":null,"pricingUnitString":"14.5 oz","trackingProperties":{"item_card_impression_id":"ad949004-d673-43dd-b919-bfdf4f5ef097"},"discountHeaderString":null,"discountSubHeaderString":"off!","priceSuffixString":"","plainFullPriceString":null,"priceScreenReaderString":"Current price: $4.20","fullPriceScreenReaderString":null,"priceBackgroundVariant":"hide","loyaltyProgramVariant":"hide","pricingUnitConvergenceVariant":"variant","badgeVisibilityVariant":"hide","priceStringFormatted":{"id":"0de85856","sections":[{"id":"c72a4b0b","name":"small_currency_symbol","content":"$","__typename":"ViewFormattedStringSection"},{"id":"71807e0a","name":"dollar","content":"4","__typename":"ViewFormattedStringSection"},{"id":"ee44c282","name":"cents","content":"20","__typename":"ViewFormattedStringSection"}],"__typename":"ViewFormattedString"},"offerLabelStringFormatted":null,"loyaltyPriceStringFormatted":null,"nonLoyaltyPriceStringFormatted":null,"loyaltyPriceStringPositionVariant":"control","secondaryTopStringFormatted":null,"secondaryBottomStringFormatted":null,"smartDiscountFormattedAttributesString":null,"__typename":"ItemsResponseBackedItemPriceItemCardSection"},"itemDetails":{"dealAppliedLabelString":null,"dealAppliedSoFarMessageString":null,"fullPriceString":null,"mixAndMatchItemsTitleString":"Available Mix \u0026 Match items","mixAndMatchItemsVariant":"hide","priceAriaLabelString":"$4.20","priceEstimateVariant":"hide","pricePerUnitString":"$0.29/oz","priceString":"$4.20","pricingUnitSecondaryString":null,"pricingUnitString":"14.5 oz","saleDisclaimerString":null,"addLoyaltyCardString":null,"loyaltyProgramVariant":"hide","secondaryTopStringFormatted":null,"secondaryBottomStringFormatted":null,"__typename":"ItemsResponseBackedItemPriceItemDetailsSection"},"sizeSelector":null,"fullPriceString":null,"priceString":"$4.20","priceValueString":"4.2","currencySymbolString":"$","trackingProperties":{"item_tasks":[],"on_sale_ind":{"loyalty":false},"price":"$4.20","price_data_source":"legacy","product_id":"38479"},"__typename":"ItemsResponseBackedItemPriceSection"},"parWeightTotalEstimate":{"id":"42d80c53","viewSection":{"parWeightString":null,"__typename":"ItemsResponseBackedParWeightTotalEstimateSection"},"__typename":"ItemsParWeightTotalEstimate"},"greatPrice":null,"__typename":"ItemsItemPrice"}},{"id":"items_40286-18696734","itemLoadId":null,"name":"D'Gari Gelatin Dessert, Walnut","size":"4.2 oz","productId":"18696734","legacyId":"1430544745","legacyV3Id":"item_1430544745","configurableProductId":null,"brandName":"d'gari","brandId":"35145","evergreenUrl":"18696734-d-gari-walnut-nuez-gelatin-dessert-4-2-oz","inStoreItemLocation":null,"retailer":{"isUltrafast":false,"__typename":"RetailersRetailer"},"dietary":{"mlDietaryAttributes":null,"mlShoppingAttributes":[],"viewSection":{"attributesString":null,"attributeSections":[],"attributeBadgeImage":null,"__typename":"ItemsResponseBackedDietarySection"},"__typename":"ItemsDietary"},"itemEbt":null,"itemFreshFunds":null,"itemMedicare":null,"productRating":null,"productCanonicalUrl":null,"quantityAttributesEach":{"increment":1,"initial":1,"max":500,"min":1,"quantityType":"each","selectOptions":[1,2,3,4,5,6,7,8,9],"defaultSelectOption":1,"parWeight":null,"viewSection":{"maxedOutString":"Max 500 per order","minReachedString":null,"unitAriaString":"item","unitPluralAriaString":"items","unitPluralString":"ct","unitString":"ct","iconUnitTypeVisibilityVariant":"hide","variableWeightDisclaimerString":null,"variableWeightDisclaimerLongString":null,"totalWeightEstimateTemplateString":null,"totalWeightEstimateTemplatePluralString":null,"parWeightDisplayString":null,"quantityUnitVisibilityVariant":"show","stepperUnitTypeVisibilityVariant":"hide","__typename":"ItemsResponseBackedQuantityAttributesSection"},"__typename":"ItemsQuantityAttributes"},"quantityAttributesWeight":null,"quantityAttributes":{"increment":1,"initial":1,"max":500,"min":1,"quantityType":"each","selectOptions":[1,2,3,4,5,6,7,8,9],"defaultSelectOption":1,"parWeight":null,"viewSection":{"maxedOutString":"Max 500 per order","minReachedString":null,"unitAriaString":"item","unitPluralAriaString":"items","unitPluralString":"ct","unitString":"ct","iconUnitTypeVisibilityVariant":"hide","variableWeightDisclaimerString":null,"variableWeightDisclaimerLongString":null,"totalWeightEstimateTemplateString":null,"totalWeightEstimateTemplatePluralString":null,"parWeightDisplayString":null,"quantityUnitVisibilityVariant":"show","stepperUnitTypeVisibilityVariant":"hide","__typename":"ItemsResponseBackedQuantityAttributesSection"},"__typename":"ItemsQuantityAttributes"},"availability":{"available":true,"stockLevel":"inStock","blackoutTimes":null,"viewSection":{"stockLevelLabelString":"In stock","outOfStockCtaString":null,"similarItemsActionVariant":"none","warningIconImage":null,"__typename":"AvailabilityResponseBackedAvailabilitySection"},"__typename":"ItemsAvailability"},"variantGroup":null,"variantGroupId":null,"variantDimensionValues":[],"viewSection":{"itemImage":{"altText":null,"templateUrl":"https://www.instacart.com/image-server/{width=}x{height=}/filters:fill(FFFFFF,true):format(jpg)/d2lnr5mha7bycj.cloudfront.net/product-image/file/large_16d247e9-8a6c-4648-9e7b-e07cad077852.png","url":"https://d2lnr5mha7bycj.cloudfront.net/product-image/file/large_16d247e9-8a6c-4648-9e7b-e07cad077852.png","__typename":"Image"},"trackingProperties":{"availability_score":0.8852,"available_ind":true,"blackout":false,"element_attributes":{"attributes":[],"low_stock_label":false},"element_details":{"element_id":"items_40286-18696734","element_type":"item","item_tags":[],"product_id":"18696734","retailer_id":"1253","retailer_location_id":"40286"},"external_sku_id":null,"item_id":"1430544745","item_name":"D'Gari Gelatin Dessert, Walnut","itemsview___layouts___itemsresponsebacked___item":"09be0eac-3f6f-433b-b023-8e26d465f3ae","low_stock_label":false,"low_stock_variant":"none","on_sale_ind":{"buy_one_get_one":false,"cpg_coupon":false,"on_sale":false,"retailer":false},"product_category_name":"Gelatin Mixes","product_id":"18696734","restricted_for_targeting_and_sharing":false,"stock_level":"in_stock"},"itemCardRatingVariant":"hidden","itemCardQuickAddVariant":"control","itemCardDiscountBadgeVariant":"hide","itemCardLowStockLevelVariant":"visible","itemCardPricePerUnitVariant":"hide","quantityAttributesVariant":"eachAndWeight","hideActionsOnCartItemVariant":"true","itemCardHideQuickAddPriceVariant":"show","itemCardHideSizeVariant":"show","lowStockVariant":"none","boughtXTimesString":null,"requestAddString":null,"servingSizeString":null,"itemString":"Item","retailerReferenceCodeString":null,"retailerLookupCodeString":null,"variantDimensionsString":null,"tastingNotesString":null,"rewardProgramLabelString":null,"nameStringFormatted":{"id":"cee47175","sections":[{"id":"5c2e221d","name":"bodymedium2","content":"D'Gari Gelatin Dessert, Walnut","__typename":"ViewFormattedStringSection"}],"__typename":"ViewFormattedString"},"taxStringFormatted":null,"fsaHsaEligibleString":null,"itemTransparentImage":null,"__typename":"ItemsResponseBackedItemSection"},"tags":[],"comboPromotions":[],"nutritionalAttributes":[{"viewSection":{"shortLabelString":"Sod","unitString":"mg","valueString":"10","__typename":"ItemsResponseBackedNutritionAttributeSection"},"__typename":"ItemsNutritionAttribute"},{"viewSection":{"shortLabelString":"Sug","unitString":"g","valueString":"11","__typename":"ItemsResponseBackedNutritionAttributeSection"},"__typename":"ItemsNutritionAttribute"},{"viewSection":{"shortLabelString":"Fat","unitString":"g","valueString":"0","__typename":"ItemsResponseBackedNutritionAttributeSection"},"__typename":"ItemsNutritionAttribute"},{"viewSection":{"shortLabelString":"Cal","unitString":"","valueString":"50","__typename":"ItemsResponseBackedNutritionAttributeSection"},"__typename":"ItemsNutritionAttribute"}],"__typename":"ItemsItem","price":{"id":"items_40286-18696734","itemId":"items_40286-18696734","debugProperties":{},"viewSection":{"badge":null,"itemCard":{"id":"items_response_backed:31d8663c:item_price:b4babe1a:item_card","fullPriceString":null,"priceAriaLabelString":"$1.93","pricePerUnitString":null,"priceString":"$1.93","pricingUnitSecondaryString":null,"pricingUnitString":"4.2 oz","trackingProperties":{"item_card_impression_id":"1ced2d1c-95aa-49d7-aec7-9b5ca8423629"},"discountHeaderString":null,"discountSubHeaderString":"off!","priceSuffixString":"","plainFullPriceString":null,"priceScreenReaderString":"Current price: $1.93","fullPriceScreenReaderString":null,"priceBackgroundVariant":"hide","loyaltyProgramVariant":"hide","pricingUnitConvergenceVariant":"variant","badgeVisibilityVariant":"hide","priceStringFormatted":{"id":"fe81096d","sections":[{"id":"136a5621","name":"small_currency_symbol","content":"$","__typename":"ViewFormattedStringSection"},{"id":"8a048b80","name":"dollar","content":"1","__typename":"ViewFormattedStringSection"},{"id":"07bce61e","name":"cents","content":"93","__typename":"ViewFormattedStringSection"}],"__typename":"ViewFormattedString"},"offerLabelStringFormatted":null,"loyaltyPriceStringFormatted":null,"nonLoyaltyPriceStringFormatted":null,"loyaltyPriceStringPositionVariant":"control","secondaryTopStringFormatted":null,"secondaryBottomStringFormatted":null,"smartDiscountFormattedAttributesString":null,"__typename":"ItemsResponseBackedItemPriceItemCardSection"},"itemDetails":{"dealAppliedLabelString":null,"dealAppliedSoFarMessageString":null,"fullPriceString":null,"mixAndMatchItemsTitleString":"Available Mix \u0026 Match items","mixAndMatchItemsVariant":"hide","priceAriaLabelString":"$1.93","priceEstimateVariant":"hide","pricePerUnitString":"$0.46/oz","priceString":"$1.93","pricingUnitSecondaryString":null,"pricingUnitString":"4.2 oz","saleDisclaimerString":null,"addLoyaltyCardString":null,"loyaltyProgramVariant":"hide","secondaryTopStringFormatted":null,"secondaryBottomStringFormatted":null,"__typename":"ItemsResponseBackedItemPriceItemDetailsSection"},"sizeSelector":null,"fullPriceString":null,"priceString":"$1.93","priceValueString":"1.93","currencySymbolString":"$","trackingProperties":{"item_tasks":[],"on_sale_ind":{"loyalty":false},"price":"$1.93","price_data_source":"legacy","product_id":"18696734"},"__typename":"ItemsResponseBackedItemPriceSection"},"parWeightTotalEstimate":{"id":"1a30081c","viewSection":{"parWeightString":null,"__typename":"ItemsResponseBackedParWeightTotalEstimateSection"},"__typename":"ItemsParWeightTotalEstimate"},"greatPrice":null,"__typename":"ItemsItemPrice"}}]}}]]></response>
    <comment></comment>
  </item>
  <item>
    <time>Fri Sep 05 13:46:26 CDT 2025</time>
    <url><![CDATA[https://lamichoacanameatmarket.instacart.com/graphql?operationName=PostAddToCartStorefrontLayoutQuery&variables=%7B%7D&extensions=%7B%22persistedQuery%22%3A%7B%22version%22%3A1%2C%22sha256Hash%22%3A%2275cf75bc5e6a74a06f8f3cdb6fe490779a2e3284c3fa6962d0746058a879d0d5%22%7D%7D]]></url>
    <host ip="104.18.41.34">lamichoacanameatmarket.instacart.com</host>
    <port>443</port>
    <protocol>https</protocol>
    <method><![CDATA[GET]]></method>
    <path><![CDATA[/graphql?operationName=PostAddToCartStorefrontLayoutQuery&variables=%7B%7D&extensions=%7B%22persistedQuery%22%3A%7B%22version%22%3A1%2C%22sha256Hash%22%3A%2275cf75bc5e6a74a06f8f3cdb6fe490779a2e3284c3fa6962d0746058a879d0d5%22%7D%7D]]></path>
    <extension>null</extension>
    <request base64="false"><![CDATA[GET /graphql?operationName=PostAddToCartStorefrontLayoutQuery&variables=%7B%7D&extensions=%7B%22persistedQuery%22%3A%7B%22version%22%3A1%2C%22sha256Hash%22%3A%2275cf75bc5e6a74a06f8f3cdb6fe490779a2e3284c3fa6962d0746058a879d0d5%22%7D%7D HTTP/2
Host: lamichoacanameatmarket.instacart.com
Cookie: ajs_anonymous_id=ea2155a8-97ff-4b0e-b45e-39cf0739f40e; fpc_bpm=6c408fe3-8b36-4eb3-845158ee784ea186; _gcl_au=1.1.2092369738.1757096439; _scid=fThUJkdGap-1v9ZjbqZqSXFNEKdvn5uL; _sctr=1%7C1757048400000; _ga_VL5WVTXMWP=GS2.1.s1757097305$o1$g1$t1757097519$j13$l0$h0; _ga=GA1.1.206219771.1757097305; _ga_TS6NTR6J66=GS2.1.s1757097305$o1$g0$t1757097308$j57$l0$h0; shoppers_instacart_session=ZjJBblo0ODN4cW9WTDRhYmZ1MTFiNUtKeiswKy9Pa1VITGFHUXJMK2ROemk0RDJtUUJTcUtJQi9kZzYrK3NVWms1VHpqaXNYSXJacHp0c3BSaWZ5S0FqMVZrdnVwTU9QbEVyNkYxTDJyazhtQWZ6cmdYSU1odkZORG1PZGI4eUoxZHpvL3dFRyttOUxjS0tMSlRsaER3PT0tLU9pRSs5RWJKRWovYTlUSkJIajcwWWc9PQ%3D%3D--a284366cb4b21bf28cb51803cf47037da3a143fd; _ga_7JY7T788PK=GS2.1.s1757097523$o1$g1$t1757097603$j60$l0$h0; ahoy_visit=c99e7a2d-9d40-49cb-b4e2-6e639fe6cc2e; ahoy_visitor=4bf6fbc6-dd1e-46fb-80b3-348b38a425ad; __cf_bm=kITVkaBd39DAgq3Fr0jswHrvswXPz0F1mwgCjJucYyU-1757097636-1.0.1.1-0wLLpGm.7Lc755LxYKGa8XHRxrFB1FlrtrhfoXb_3eQEw_PxcU4PpSHh6cSD1y3e1ERxSARRs_hcYeAu1SOpGK3yvDbO1ov49PUj8nwwciA; build_sha=c27e69482ce558c6064666550c97cc2e857c996e; accessibleColorsEnabled=false; forterToken=f7fe3fe0a0154968b2655c5e926e2edf_1757097973894__UDF43-m4_24ck_; _scid_r=jLhUJkdGap-1v9ZjbqZqSXFNEKdvn5uLKZ53jg; _uetsid=06cf2b608a8511f087a3e9c9c9f94d50; _uetvid=06cf13508a8511f0b6648300830ef8b5; __Host-instacart_sid=v2.3fafb1b29cb3d0.9DmSwvi6sF0lcqedks9OtrwE9nBpcA-xpzM16fy8sOM; known_visitor=%7Cadelheidsalmon%40somoj.com%7Cemail_code; X-IC-bcx=1; aws-waf-token=a338d369-ef0a-49cc-a2f4-d8fb10e9df1c:EQoAjv+CilH2AAAA:JjgTyKY3qmSddHHXgyvPXPUL7h6DqNdVGaqcquM9VjzAGjo8RE8q0DpqX+RPVQkVhbW9huD/OhCr6SgrU1hLK5zInhA1q0dRdg5Fp4/JQaA+yYxiA3V3uuzb+8IHTgAn0Fi6zgCs3XVc/YJ/V8Ssn6xlu2XeM+Mrs+NGEW82a8pC+qrCCnMltd25xyCq0ino30wJ3w15Fbmy659bKhnnPMeZSQfw; _dd_s=logs=0&expire=1757098874705; ajs_user_id=17926101273457616; __stripe_mid=6c9fc8d2-ee45-42c9-94ec-f47eab4b785e04efe9; __stripe_sid=7a931703-8d0a-49c2-8415-1dc5f6b3908d0fb532
User-Agent: Mozilla/5.0 (X11; Linux x86_64; rv:128.0) Gecko/20100101 Firefox/128.0
Accept: */*
Accept-Language: en-US,en;q=0.5
Accept-Encoding: gzip, deflate, br
Referer: https://lamichoacanameatmarket.instacart.com/store/la-michoacana-meat-market/storefront
Content-Type: application/json
X-Client-Identifier: web
X-Page-View-Id: b312d70a-ee4e-5434-b023-b90f4d4f4d2c
Sec-Fetch-Dest: empty
Sec-Fetch-Mode: cors
Sec-Fetch-Site: same-origin
Priority: u=4
Te: trailers

]]></request>
    <status>200</status>
    <responselength>1460</responselength>
    <mimetype>JSON</mimetype>
    <response base64="false"><![CDATA[HTTP/2 200 OK
Date: Fri, 05 Sep 2025 18:46:26 GMT
Content-Type: application/json; charset=utf-8
X-Frame-Options: SAMEORIGIN
X-Xss-Protection: 1; mode=block
X-Content-Type-Options: nosniff
X-Download-Options: noopen
X-Permitted-Cross-Domain-Policies: none
Referrer-Policy: strict-origin-when-cross-origin
Set-Cookie: ahoy_visit=c99e7a2d-9d40-49cb-b4e2-6e639fe6cc2e; path=/; expires=Fri, 05 Sep 2025 22:46:25 GMT; SameSite=Lax
Etag: W/"2ba4ed6e006eeecde5c5f377bcaa6934"
Cache-Control: max-age=0, private, must-revalidate
Server-Timing: runtime;desc="Application Runtime";dur=32, requestId;desc="7ad5b634-5194-4d6f-a8a3-955f43f3c5de";dur=0
X-Request-Id: 7ad5b634-5194-4d6f-a8a3-955f43f3c5de
X-Runtime: 0.033035
Vary: Accept, Origin
Vary: accept-encoding
Strict-Transport-Security: max-age=31536000; includeSubDomains; preload
Cf-Cache-Status: DYNAMIC
Server: cloudflare
Cf-Ray: 97a7e3ab9c695bce-TUN
Alt-Svc: h3=":443"; ma=86400

{"data":{"viewLayout":{"storeShop":{"postAddToCart":{"id":"store_shop:891a8f06:post_add_to_cart","storefrontPatcVariant":"control","headerString":"Frequently bought together","closeAriaLabelString":"Close this section","removeClientItemLimitVariant":"control","p2pIntegrationVariant":"control","__typename":"StoreShopPostAddToCartSection"},"__typename":"StoreShopLayout"},"__typename":"ViewLayouts"}},"extensions":{"cacheControl":{"version":1,"hints":[{"maxAge":3600,"scope":"PRIVATE","path":["viewLayout"]}]}}}]]></response>
    <comment></comment>
  </item>
  <item>
    <time>Fri Sep 05 13:46:07 CDT 2025</time>
    <url><![CDATA[https://lamichoacanameatmarket.instacart.com/graphql?operationName=PostAuthPathsQuery&variables=%7B%7D&extensions=%7B%22persistedQuery%22%3A%7B%22version%22%3A1%2C%22sha256Hash%22%3A%22e3594db3eed5ded3e0f2f0a6d8f94eef31a62738ce1beed5f8d55898d2aadf8e%22%7D%7D]]></url>
    <host ip="104.18.41.34">lamichoacanameatmarket.instacart.com</host>
    <port>443</port>
    <protocol>https</protocol>
    <method><![CDATA[GET]]></method>
    <path><![CDATA[/graphql?operationName=PostAuthPathsQuery&variables=%7B%7D&extensions=%7B%22persistedQuery%22%3A%7B%22version%22%3A1%2C%22sha256Hash%22%3A%22e3594db3eed5ded3e0f2f0a6d8f94eef31a62738ce1beed5f8d55898d2aadf8e%22%7D%7D]]></path>
    <extension>null</extension>
    <request base64="false"><![CDATA[GET /graphql?operationName=PostAuthPathsQuery&variables=%7B%7D&extensions=%7B%22persistedQuery%22%3A%7B%22version%22%3A1%2C%22sha256Hash%22%3A%22e3594db3eed5ded3e0f2f0a6d8f94eef31a62738ce1beed5f8d55898d2aadf8e%22%7D%7D HTTP/2
Host: lamichoacanameatmarket.instacart.com
Cookie: ajs_anonymous_id=ea2155a8-97ff-4b0e-b45e-39cf0739f40e; fpc_bpm=6c408fe3-8b36-4eb3-845158ee784ea186; _gcl_au=1.1.2092369738.1757096439; _scid=fThUJkdGap-1v9ZjbqZqSXFNEKdvn5uL; _sctr=1%7C1757048400000; _ga_VL5WVTXMWP=GS2.1.s1757097305$o1$g1$t1757097519$j13$l0$h0; _ga=GA1.1.206219771.1757097305; _ga_TS6NTR6J66=GS2.1.s1757097305$o1$g0$t1757097308$j57$l0$h0; shoppers_instacart_session=ZjJBblo0ODN4cW9WTDRhYmZ1MTFiNUtKeiswKy9Pa1VITGFHUXJMK2ROemk0RDJtUUJTcUtJQi9kZzYrK3NVWms1VHpqaXNYSXJacHp0c3BSaWZ5S0FqMVZrdnVwTU9QbEVyNkYxTDJyazhtQWZ6cmdYSU1odkZORG1PZGI4eUoxZHpvL3dFRyttOUxjS0tMSlRsaER3PT0tLU9pRSs5RWJKRWovYTlUSkJIajcwWWc9PQ%3D%3D--a284366cb4b21bf28cb51803cf47037da3a143fd; _ga_7JY7T788PK=GS2.1.s1757097523$o1$g1$t1757097603$j60$l0$h0; ahoy_visit=c99e7a2d-9d40-49cb-b4e2-6e639fe6cc2e; ahoy_visitor=4bf6fbc6-dd1e-46fb-80b3-348b38a425ad; __cf_bm=kITVkaBd39DAgq3Fr0jswHrvswXPz0F1mwgCjJucYyU-1757097636-1.0.1.1-0wLLpGm.7Lc755LxYKGa8XHRxrFB1FlrtrhfoXb_3eQEw_PxcU4PpSHh6cSD1y3e1ERxSARRs_hcYeAu1SOpGK3yvDbO1ov49PUj8nwwciA; build_sha=c27e69482ce558c6064666550c97cc2e857c996e; accessibleColorsEnabled=false; forterToken=f7fe3fe0a0154968b2655c5e926e2edf_1757097923561__UDF43-m9-a4_24ck_; _scid_r=jLhUJkdGap-1v9ZjbqZqSXFNEKdvn5uLKZ53jg; _uetsid=06cf2b608a8511f087a3e9c9c9f94d50; _uetvid=06cf13508a8511f0b6648300830ef8b5; __Host-instacart_sid=v2.3fafb1b29cb3d0.9DmSwvi6sF0lcqedks9OtrwE9nBpcA-xpzM16fy8sOM; known_visitor=%7Cadelheidsalmon%40somoj.com%7Cemail_code
User-Agent: Mozilla/5.0 (X11; Linux x86_64; rv:128.0) Gecko/20100101 Firefox/128.0
Accept: */*
Accept-Language: en-US,en;q=0.5
Accept-Encoding: gzip, deflate, br
Referer: https://lamichoacanameatmarket.instacart.com/
Content-Type: application/json
X-Client-Identifier: web
Sec-Fetch-Dest: empty
Sec-Fetch-Mode: cors
Sec-Fetch-Site: same-origin
Priority: u=0
Te: trailers

]]></request>
    <status>200</status>
    <responselength>1107</responselength>
    <mimetype>JSON</mimetype>
    <response base64="false"><![CDATA[HTTP/2 200 OK
Date: Fri, 05 Sep 2025 18:46:07 GMT
Content-Type: application/json; charset=utf-8
X-Frame-Options: SAMEORIGIN
X-Xss-Protection: 1; mode=block
X-Content-Type-Options: nosniff
X-Download-Options: noopen
X-Permitted-Cross-Domain-Policies: none
Referrer-Policy: strict-origin-when-cross-origin
Set-Cookie: ahoy_visit=c99e7a2d-9d40-49cb-b4e2-6e639fe6cc2e; path=/; expires=Fri, 05 Sep 2025 22:46:07 GMT; SameSite=Lax
Etag: W/"53fceb08db853e4538fe22f53cd11077"
Cache-Control: max-age=0, private, must-revalidate
Server-Timing: runtime;desc="Application Runtime";dur=157, requestId;desc="323a58d5-f3b7-4c42-b4aa-ba24efb0d913";dur=0
X-Request-Id: 323a58d5-f3b7-4c42-b4aa-ba24efb0d913
X-Runtime: 0.159221
Vary: Accept, Origin
Vary: accept-encoding
Strict-Transport-Security: max-age=31536000; includeSubDomains; preload
Cf-Cache-Status: DYNAMIC
Server: cloudflare
Cf-Ray: 97a7e336cf345bce-TUN
Alt-Svc: h3=":443"; ma=86400

{"data":{"authConfiguration":{"postAuthPaths":{"login":"/store","signup":"/store","__typename":"UsersPostAuthPaths"},"__typename":"UsersAuthConfiguration"}}}]]></response>
    <comment></comment>
  </item>
  <item>
    <time>Fri Sep 05 13:46:24 CDT 2025</time>
    <url><![CDATA[https://lamichoacanameatmarket.instacart.com/graphql?operationName=RecipesAvailableRetailerServices&variables=%7B%22postalCode%22%3A%2277084%22%7D&extensions=%7B%22persistedQuery%22%3A%7B%22version%22%3A1%2C%22sha256Hash%22%3A%22120f1af057033bebae6829d20bcec9667f5788b99e91589ecd957c773ef800a7%22%7D%7D]]></url>
    <host ip="104.18.41.34">lamichoacanameatmarket.instacart.com</host>
    <port>443</port>
    <protocol>https</protocol>
    <method><![CDATA[GET]]></method>
    <path><![CDATA[/graphql?operationName=RecipesAvailableRetailerServices&variables=%7B%22postalCode%22%3A%2277084%22%7D&extensions=%7B%22persistedQuery%22%3A%7B%22version%22%3A1%2C%22sha256Hash%22%3A%22120f1af057033bebae6829d20bcec9667f5788b99e91589ecd957c773ef800a7%22%7D%7D]]></path>
    <extension>null</extension>
    <request base64="false"><![CDATA[GET /graphql?operationName=RecipesAvailableRetailerServices&variables=%7B%22postalCode%22%3A%2277084%22%7D&extensions=%7B%22persistedQuery%22%3A%7B%22version%22%3A1%2C%22sha256Hash%22%3A%22120f1af057033bebae6829d20bcec9667f5788b99e91589ecd957c773ef800a7%22%7D%7D HTTP/2
Host: lamichoacanameatmarket.instacart.com
Cookie: ajs_anonymous_id=ea2155a8-97ff-4b0e-b45e-39cf0739f40e; fpc_bpm=6c408fe3-8b36-4eb3-845158ee784ea186; _gcl_au=1.1.2092369738.1757096439; _scid=fThUJkdGap-1v9ZjbqZqSXFNEKdvn5uL; _sctr=1%7C1757048400000; _ga_VL5WVTXMWP=GS2.1.s1757097305$o1$g1$t1757097519$j13$l0$h0; _ga=GA1.1.206219771.1757097305; _ga_TS6NTR6J66=GS2.1.s1757097305$o1$g0$t1757097308$j57$l0$h0; shoppers_instacart_session=ZjJBblo0ODN4cW9WTDRhYmZ1MTFiNUtKeiswKy9Pa1VITGFHUXJMK2ROemk0RDJtUUJTcUtJQi9kZzYrK3NVWms1VHpqaXNYSXJacHp0c3BSaWZ5S0FqMVZrdnVwTU9QbEVyNkYxTDJyazhtQWZ6cmdYSU1odkZORG1PZGI4eUoxZHpvL3dFRyttOUxjS0tMSlRsaER3PT0tLU9pRSs5RWJKRWovYTlUSkJIajcwWWc9PQ%3D%3D--a284366cb4b21bf28cb51803cf47037da3a143fd; _ga_7JY7T788PK=GS2.1.s1757097523$o1$g1$t1757097603$j60$l0$h0; ahoy_visit=c99e7a2d-9d40-49cb-b4e2-6e639fe6cc2e; ahoy_visitor=4bf6fbc6-dd1e-46fb-80b3-348b38a425ad; __cf_bm=kITVkaBd39DAgq3Fr0jswHrvswXPz0F1mwgCjJucYyU-1757097636-1.0.1.1-0wLLpGm.7Lc755LxYKGa8XHRxrFB1FlrtrhfoXb_3eQEw_PxcU4PpSHh6cSD1y3e1ERxSARRs_hcYeAu1SOpGK3yvDbO1ov49PUj8nwwciA; build_sha=c27e69482ce558c6064666550c97cc2e857c996e; accessibleColorsEnabled=false; forterToken=f7fe3fe0a0154968b2655c5e926e2edf_1757097973894__UDF43-m4_24ck_; _scid_r=jLhUJkdGap-1v9ZjbqZqSXFNEKdvn5uLKZ53jg; _uetsid=06cf2b608a8511f087a3e9c9c9f94d50; _uetvid=06cf13508a8511f0b6648300830ef8b5; __Host-instacart_sid=v2.3fafb1b29cb3d0.9DmSwvi6sF0lcqedks9OtrwE9nBpcA-xpzM16fy8sOM; known_visitor=%7Cadelheidsalmon%40somoj.com%7Cemail_code; X-IC-bcx=1; aws-waf-token=a338d369-ef0a-49cc-a2f4-d8fb10e9df1c:EQoAjv+CilH2AAAA:JjgTyKY3qmSddHHXgyvPXPUL7h6DqNdVGaqcquM9VjzAGjo8RE8q0DpqX+RPVQkVhbW9huD/OhCr6SgrU1hLK5zInhA1q0dRdg5Fp4/JQaA+yYxiA3V3uuzb+8IHTgAn0Fi6zgCs3XVc/YJ/V8Ssn6xlu2XeM+Mrs+NGEW82a8pC+qrCCnMltd25xyCq0ino30wJ3w15Fbmy659bKhnnPMeZSQfw; _dd_s=logs=0&expire=1757098874705; ajs_user_id=17926101273457616
User-Agent: Mozilla/5.0 (X11; Linux x86_64; rv:128.0) Gecko/20100101 Firefox/128.0
Accept: */*
Accept-Language: en-US,en;q=0.5
Accept-Encoding: gzip, deflate, br
Referer: https://lamichoacanameatmarket.instacart.com/store/la-michoacana-meat-market/storefront
Content-Type: application/json
X-Client-Identifier: web
X-Page-View-Id: b312d70a-ee4e-5434-b023-b90f4d4f4d2c
Sec-Fetch-Dest: empty
Sec-Fetch-Mode: cors
Sec-Fetch-Site: same-origin
Priority: u=4
Te: trailers

]]></request>
    <status>200</status>
    <responselength>3235</responselength>
    <mimetype>JSON</mimetype>
    <response base64="false"><![CDATA[HTTP/2 200 OK
Date: Fri, 05 Sep 2025 18:46:24 GMT
Content-Type: application/json; charset=utf-8
X-Frame-Options: SAMEORIGIN
X-Xss-Protection: 1; mode=block
X-Content-Type-Options: nosniff
X-Download-Options: noopen
X-Permitted-Cross-Domain-Policies: none
Referrer-Policy: strict-origin-when-cross-origin
Set-Cookie: ahoy_visit=c99e7a2d-9d40-49cb-b4e2-6e639fe6cc2e; path=/; expires=Fri, 05 Sep 2025 22:46:24 GMT; SameSite=Lax
Etag: W/"eec20c6e0cbfae56801ef8795e34736e"
Cache-Control: max-age=0, private, must-revalidate
Server-Timing: runtime;desc="Application Runtime";dur=177, requestId;desc="f962ed06-1991-44d0-8aa7-a42829ddaa3a";dur=0
X-Request-Id: f962ed06-1991-44d0-8aa7-a42829ddaa3a
X-Runtime: 0.177956
Vary: Accept, Origin
Vary: accept-encoding
Strict-Transport-Security: max-age=31536000; includeSubDomains; preload
Cf-Cache-Status: DYNAMIC
Server: cloudflare
Cf-Ray: 97a7e3a118d75bce-TUN
Alt-Svc: h3=":443"; ma=86400

{"data":{"availableRetailerServices":[{"recipesConfiguration":{"recipesEnabled":false,"sortPosition":0,"__typename":"RecipesRetailerRecipesConfiguration"},"viewSection":{"pickupString":null,"deliveryString":"Delivery","badge":null,"lastOrderedAtAgoString":null,"lastVisitedAtAgoString":null,"attrPriceParityString":null,"deliveryEta":{"id":"retailers_response_backed:31bab457:available_retailer:31e212fe:delivery_eta","etaTemplateString":"{eta_string}","etaString":"Delivery by 2:30pm","etaVariant":"faster","iconVariant":"speed","textColor":"brandPrimaryRegular","__typename":"RetailersResponseBackedDeliveryEtaSection"},"storeAttributes":[],"__typename":"RetailersResponseBackedAvailableRetailerSection"},"alcoholAllowed":true,"retailerId":"1253","retailer":{"id":"1253","name":"La Michoacana Meat Market","categories":["grocery","readymeals","gifts","latin"],"slug":"la-michoacana-meat-market","retailerType":"Grocery - Local/Specialty","logoBackgroundColorHex":"#FFFFFF","viewSection":{"logoImage":{"url":"https://www.instacart.com/assets/domains/warehouse/logo/1253/a19e2a7d-a67e-4788-8029-c36aef55b06c.png","templateUrl":"https://www.instacart.com/image-server/{width=}x{height=}/www.instacart.com/assets/domains/warehouse/logo/1253/a19e2a7d-a67e-4788-8029-c36aef55b06c.png","__typename":"Image"},"backgroundColorHex":"#000000","backgroundImage":{"url":"https://www.instacart.com/assets/domains/warehouse/background_image/1253/bad5207f-7ae7-4e5b-b821-1780fe48684e.jpg","templateUrl":"https://www.instacart.com/image-server/{width=}x{height=}/www.instacart.com/assets/domains/warehouse/background_image/1253/bad5207f-7ae7-4e5b-b821-1780fe48684e.jpg","__typename":"Image"},"__typename":"RetailersResponseBackedRetailerSection"},"__typename":"RetailersRetailer"},"lastVisitedAt":"2025-09-05T18:46:24Z","lastOrderedAt":null,"lastServiceType":"delivery","promoted":false,"services":["delivery"],"pickupDistance":null,"smartServiceAreaType":"postalCode","__typename":"RetailerServices"}]},"extensions":{"cacheControl":{"version":1,"hints":[{"maxAge":900,"scope":"PRIVATE","path":["availableRetailerServices"]},{"maxAge":1,"scope":"PRIVATE","path":["availableRetailerServices",0,"lastVisitedAt"]},{"maxAge":1,"scope":"PRIVATE","path":["availableRetailerServices",0,"lastOrderedAt"]}]}}}]]></response>
    <comment></comment>
  </item>
  <item>
    <time>Fri Sep 05 13:46:24 CDT 2025</time>
    <url><![CDATA[https://lamichoacanameatmarket.instacart.com/graphql?operationName=RestaurantClientAuth&variables=%7B%22postalCode%22%3A%2277084%22%2C%22source%22%3A%22appOpen%22%7D&extensions=%7B%22persistedQuery%22%3A%7B%22version%22%3A1%2C%22sha256Hash%22%3A%22b47eaa31c0f6cf453232dee6de4f10052b9241ea355995910428a8ec3c39af81%22%7D%7D]]></url>
    <host ip="104.18.41.34">lamichoacanameatmarket.instacart.com</host>
    <port>443</port>
    <protocol>https</protocol>
    <method><![CDATA[GET]]></method>
    <path><![CDATA[/graphql?operationName=RestaurantClientAuth&variables=%7B%22postalCode%22%3A%2277084%22%2C%22source%22%3A%22appOpen%22%7D&extensions=%7B%22persistedQuery%22%3A%7B%22version%22%3A1%2C%22sha256Hash%22%3A%22b47eaa31c0f6cf453232dee6de4f10052b9241ea355995910428a8ec3c39af81%22%7D%7D]]></path>
    <extension>null</extension>
    <request base64="false"><![CDATA[GET /graphql?operationName=RestaurantClientAuth&variables=%7B%22postalCode%22%3A%2277084%22%2C%22source%22%3A%22appOpen%22%7D&extensions=%7B%22persistedQuery%22%3A%7B%22version%22%3A1%2C%22sha256Hash%22%3A%22b47eaa31c0f6cf453232dee6de4f10052b9241ea355995910428a8ec3c39af81%22%7D%7D HTTP/2
Host: lamichoacanameatmarket.instacart.com
Cookie: ajs_anonymous_id=ea2155a8-97ff-4b0e-b45e-39cf0739f40e; fpc_bpm=6c408fe3-8b36-4eb3-845158ee784ea186; _gcl_au=1.1.2092369738.1757096439; _scid=fThUJkdGap-1v9ZjbqZqSXFNEKdvn5uL; _sctr=1%7C1757048400000; _ga_VL5WVTXMWP=GS2.1.s1757097305$o1$g1$t1757097519$j13$l0$h0; _ga=GA1.1.206219771.1757097305; _ga_TS6NTR6J66=GS2.1.s1757097305$o1$g0$t1757097308$j57$l0$h0; shoppers_instacart_session=ZjJBblo0ODN4cW9WTDRhYmZ1MTFiNUtKeiswKy9Pa1VITGFHUXJMK2ROemk0RDJtUUJTcUtJQi9kZzYrK3NVWms1VHpqaXNYSXJacHp0c3BSaWZ5S0FqMVZrdnVwTU9QbEVyNkYxTDJyazhtQWZ6cmdYSU1odkZORG1PZGI4eUoxZHpvL3dFRyttOUxjS0tMSlRsaER3PT0tLU9pRSs5RWJKRWovYTlUSkJIajcwWWc9PQ%3D%3D--a284366cb4b21bf28cb51803cf47037da3a143fd; _ga_7JY7T788PK=GS2.1.s1757097523$o1$g1$t1757097603$j60$l0$h0; ahoy_visit=c99e7a2d-9d40-49cb-b4e2-6e639fe6cc2e; ahoy_visitor=4bf6fbc6-dd1e-46fb-80b3-348b38a425ad; __cf_bm=kITVkaBd39DAgq3Fr0jswHrvswXPz0F1mwgCjJucYyU-1757097636-1.0.1.1-0wLLpGm.7Lc755LxYKGa8XHRxrFB1FlrtrhfoXb_3eQEw_PxcU4PpSHh6cSD1y3e1ERxSARRs_hcYeAu1SOpGK3yvDbO1ov49PUj8nwwciA; build_sha=c27e69482ce558c6064666550c97cc2e857c996e; accessibleColorsEnabled=false; forterToken=f7fe3fe0a0154968b2655c5e926e2edf_1757097973894__UDF43-m4_24ck_; _scid_r=jLhUJkdGap-1v9ZjbqZqSXFNEKdvn5uLKZ53jg; _uetsid=06cf2b608a8511f087a3e9c9c9f94d50; _uetvid=06cf13508a8511f0b6648300830ef8b5; __Host-instacart_sid=v2.3fafb1b29cb3d0.9DmSwvi6sF0lcqedks9OtrwE9nBpcA-xpzM16fy8sOM; known_visitor=%7Cadelheidsalmon%40somoj.com%7Cemail_code; X-IC-bcx=1; aws-waf-token=a338d369-ef0a-49cc-a2f4-d8fb10e9df1c:EQoAjv+CilH2AAAA:JjgTyKY3qmSddHHXgyvPXPUL7h6DqNdVGaqcquM9VjzAGjo8RE8q0DpqX+RPVQkVhbW9huD/OhCr6SgrU1hLK5zInhA1q0dRdg5Fp4/JQaA+yYxiA3V3uuzb+8IHTgAn0Fi6zgCs3XVc/YJ/V8Ssn6xlu2XeM+Mrs+NGEW82a8pC+qrCCnMltd25xyCq0ino30wJ3w15Fbmy659bKhnnPMeZSQfw; _dd_s=logs=0&expire=1757098874705; ajs_user_id=17926101273457616
User-Agent: Mozilla/5.0 (X11; Linux x86_64; rv:128.0) Gecko/20100101 Firefox/128.0
Accept: */*
Accept-Language: en-US,en;q=0.5
Accept-Encoding: gzip, deflate, br
Referer: https://lamichoacanameatmarket.instacart.com/store/la-michoacana-meat-market/storefront
Content-Type: application/json
X-Client-Identifier: web
X-Page-View-Id: b312d70a-ee4e-5434-b023-b90f4d4f4d2c
Sec-Fetch-Dest: empty
Sec-Fetch-Mode: cors
Sec-Fetch-Site: same-origin
Priority: u=4
Te: trailers

]]></request>
    <status>200</status>
    <responselength>987</responselength>
    <mimetype>JSON</mimetype>
    <response base64="false"><![CDATA[HTTP/2 200 OK
Date: Fri, 05 Sep 2025 18:46:24 GMT
Content-Type: application/json; charset=utf-8
X-Frame-Options: SAMEORIGIN
X-Xss-Protection: 1; mode=block
X-Content-Type-Options: nosniff
X-Download-Options: noopen
X-Permitted-Cross-Domain-Policies: none
Referrer-Policy: strict-origin-when-cross-origin
Set-Cookie: ahoy_visit=c99e7a2d-9d40-49cb-b4e2-6e639fe6cc2e; path=/; expires=Fri, 05 Sep 2025 22:46:24 GMT; SameSite=Lax
Etag: W/"d0864b5477322d5b227efd812d2d889d"
Cache-Control: max-age=0, private, must-revalidate
Server-Timing: runtime;desc="Application Runtime";dur=52, requestId;desc="8e7e4d33-2fbb-4b0f-9897-2ac0562c9fe0";dur=0
X-Request-Id: 8e7e4d33-2fbb-4b0f-9897-2ac0562c9fe0
X-Runtime: 0.052917
Vary: Accept, Origin
Vary: accept-encoding
Strict-Transport-Security: max-age=31536000; includeSubDomains; preload
Cf-Cache-Status: DYNAMIC
Server: cloudflare
Cf-Ray: 97a7e3a118bc5bce-TUN
Alt-Svc: h3=":443"; ma=86400

{"data":{"restaurantClientAuth":null}}]]></response>
    <comment></comment>
  </item>
  <item>
    <time>Fri Sep 05 13:46:24 CDT 2025</time>
    <url><![CDATA[https://lamichoacanameatmarket.instacart.com/graphql?operationName=ShopCollection&variables=%7B%22postalCode%22%3A%2277084%22%2C%22coordinates%22%3A%7B%22latitude%22%3A29.825169%2C%22longitude%22%3A-95.650085%7D%2C%22addressId%22%3Anull%7D&extensions=%7B%22persistedQuery%22%3A%7B%22version%22%3A1%2C%22sha256Hash%22%3A%22ae760885902d517f6e5ee6bea2bfda356b3a62a92aaaefc7ee49ca58b49ad19b%22%7D%7D]]></url>
    <host ip="104.18.41.34">lamichoacanameatmarket.instacart.com</host>
    <port>443</port>
    <protocol>https</protocol>
    <method><![CDATA[GET]]></method>
    <path><![CDATA[/graphql?operationName=ShopCollection&variables=%7B%22postalCode%22%3A%2277084%22%2C%22coordinates%22%3A%7B%22latitude%22%3A29.825169%2C%22longitude%22%3A-95.650085%7D%2C%22addressId%22%3Anull%7D&extensions=%7B%22persistedQuery%22%3A%7B%22version%22%3A1%2C%22sha256Hash%22%3A%22ae760885902d517f6e5ee6bea2bfda356b3a62a92aaaefc7ee49ca58b49ad19b%22%7D%7D]]></path>
    <extension>null</extension>
    <request base64="false"><![CDATA[GET /graphql?operationName=ShopCollection&variables=%7B%22postalCode%22%3A%2277084%22%2C%22coordinates%22%3A%7B%22latitude%22%3A29.825169%2C%22longitude%22%3A-95.650085%7D%2C%22addressId%22%3Anull%7D&extensions=%7B%22persistedQuery%22%3A%7B%22version%22%3A1%2C%22sha256Hash%22%3A%22ae760885902d517f6e5ee6bea2bfda356b3a62a92aaaefc7ee49ca58b49ad19b%22%7D%7D HTTP/2
Host: lamichoacanameatmarket.instacart.com
Cookie: ajs_anonymous_id=ea2155a8-97ff-4b0e-b45e-39cf0739f40e; fpc_bpm=6c408fe3-8b36-4eb3-845158ee784ea186; _gcl_au=1.1.2092369738.1757096439; _scid=fThUJkdGap-1v9ZjbqZqSXFNEKdvn5uL; _sctr=1%7C1757048400000; _ga_VL5WVTXMWP=GS2.1.s1757097305$o1$g1$t1757097519$j13$l0$h0; _ga=GA1.1.206219771.1757097305; _ga_TS6NTR6J66=GS2.1.s1757097305$o1$g0$t1757097308$j57$l0$h0; shoppers_instacart_session=ZjJBblo0ODN4cW9WTDRhYmZ1MTFiNUtKeiswKy9Pa1VITGFHUXJMK2ROemk0RDJtUUJTcUtJQi9kZzYrK3NVWms1VHpqaXNYSXJacHp0c3BSaWZ5S0FqMVZrdnVwTU9QbEVyNkYxTDJyazhtQWZ6cmdYSU1odkZORG1PZGI4eUoxZHpvL3dFRyttOUxjS0tMSlRsaER3PT0tLU9pRSs5RWJKRWovYTlUSkJIajcwWWc9PQ%3D%3D--a284366cb4b21bf28cb51803cf47037da3a143fd; _ga_7JY7T788PK=GS2.1.s1757097523$o1$g1$t1757097603$j60$l0$h0; ahoy_visit=c99e7a2d-9d40-49cb-b4e2-6e639fe6cc2e; ahoy_visitor=4bf6fbc6-dd1e-46fb-80b3-348b38a425ad; __cf_bm=kITVkaBd39DAgq3Fr0jswHrvswXPz0F1mwgCjJucYyU-1757097636-1.0.1.1-0wLLpGm.7Lc755LxYKGa8XHRxrFB1FlrtrhfoXb_3eQEw_PxcU4PpSHh6cSD1y3e1ERxSARRs_hcYeAu1SOpGK3yvDbO1ov49PUj8nwwciA; build_sha=c27e69482ce558c6064666550c97cc2e857c996e; accessibleColorsEnabled=false; forterToken=f7fe3fe0a0154968b2655c5e926e2edf_1757097973894__UDF43-m4_24ck_; _scid_r=jLhUJkdGap-1v9ZjbqZqSXFNEKdvn5uLKZ53jg; _uetsid=06cf2b608a8511f087a3e9c9c9f94d50; _uetvid=06cf13508a8511f0b6648300830ef8b5; __Host-instacart_sid=v2.3fafb1b29cb3d0.9DmSwvi6sF0lcqedks9OtrwE9nBpcA-xpzM16fy8sOM; known_visitor=%7Cadelheidsalmon%40somoj.com%7Cemail_code; X-IC-bcx=1; aws-waf-token=a338d369-ef0a-49cc-a2f4-d8fb10e9df1c:EQoAjv+CilH2AAAA:JjgTyKY3qmSddHHXgyvPXPUL7h6DqNdVGaqcquM9VjzAGjo8RE8q0DpqX+RPVQkVhbW9huD/OhCr6SgrU1hLK5zInhA1q0dRdg5Fp4/JQaA+yYxiA3V3uuzb+8IHTgAn0Fi6zgCs3XVc/YJ/V8Ssn6xlu2XeM+Mrs+NGEW82a8pC+qrCCnMltd25xyCq0ino30wJ3w15Fbmy659bKhnnPMeZSQfw; _dd_s=logs=0&expire=1757098874705; ajs_user_id=17926101273457616
User-Agent: Mozilla/5.0 (X11; Linux x86_64; rv:128.0) Gecko/20100101 Firefox/128.0
Accept: */*
Accept-Language: en-US,en;q=0.5
Accept-Encoding: gzip, deflate, br
Referer: https://lamichoacanameatmarket.instacart.com/store/la-michoacana-meat-market/storefront
Content-Type: application/json
X-Client-Identifier: web
X-Page-View-Id: b312d70a-ee4e-5434-b023-b90f4d4f4d2c
Sec-Fetch-Dest: empty
Sec-Fetch-Mode: cors
Sec-Fetch-Site: same-origin
Priority: u=4
Te: trailers

]]></request>
    <status>200</status>
    <responselength>3256</responselength>
    <mimetype>JSON</mimetype>
    <response base64="false"><![CDATA[HTTP/2 200 OK
Date: Fri, 05 Sep 2025 18:46:24 GMT
Content-Type: application/json; charset=utf-8
X-Frame-Options: SAMEORIGIN
X-Xss-Protection: 1; mode=block
X-Content-Type-Options: nosniff
X-Download-Options: noopen
X-Permitted-Cross-Domain-Policies: none
Referrer-Policy: strict-origin-when-cross-origin
Set-Cookie: ahoy_visit=c99e7a2d-9d40-49cb-b4e2-6e639fe6cc2e; path=/; expires=Fri, 05 Sep 2025 22:46:24 GMT; SameSite=Lax
Etag: W/"e4673849cee58d5c9bfcc2ececec19f4"
Cache-Control: max-age=0, private, must-revalidate
Server-Timing: runtime;desc="Application Runtime";dur=181, requestId;desc="62613e2c-69bb-4b77-927f-9b9f21065599";dur=0
X-Request-Id: 62613e2c-69bb-4b77-927f-9b9f21065599
X-Runtime: 0.181662
Vary: Accept, Origin
Vary: accept-encoding
Strict-Transport-Security: max-age=31536000; includeSubDomains; preload
Cf-Cache-Status: DYNAMIC
Server: cloudflare
Cf-Ray: 97a7e3a078185bce-TUN
Alt-Svc: h3=":443"; ma=86400

{"data":{"shopCollection":{"id":"10c5cc27","viewSection":{"trackingProperties":{"element_details":{"shop_collection_request_id":"7eba8562-5f9f-4c8a-bc4b-d5930042dbad"}},"__typename":"RetailersResponseBackedShopCollectionSection"},"shops":[{"id":"53963","retailerInventorySessionToken":"v1.58e5910.17926101273457616-77084-02982x19565-1-1253-40286-1-0","retailer":{"id":"1253","categories":["grocery","readymeals","gifts","latin"],"homeCategories":["grocery","local"],"slug":"la-michoacana-meat-market","name":"La Michoacana Meat Market","retailerType":"Grocery - Local/Specialty","backgroundColorHex":"#000000","refreshHeaderBackgroundColorHex":"#FFFFFF","logoBackgroundColorHex":"#FFFFFF","viewSection":{"id":"retailers_response_backed:79bf8d30:retailer:1253","nameString":"La Michoacana Meat Market","retailerCardCategories":[{"id":"retailers_response_backed:79bf8d30:retailer:1253:retailer_card_categories:7717cc6d","categoryString":"Groceries","__typename":"RetailersResponseBackedRetailerCardCategoriesSection"}],"logoImage":{"id":"61ab6b54","altText":"La Michoacana Meat Market logo","templateUrl":"https://www.instacart.com/image-server/{width=}x{height=}/www.instacart.com/assets/domains/warehouse/logo/1253/a19e2a7d-a67e-4788-8029-c36aef55b06c.png","url":"https://www.instacart.com/assets/domains/warehouse/logo/1253/a19e2a7d-a67e-4788-8029-c36aef55b06c.png","__typename":"Image"},"trackingProperties":{"element_details":{"element_type":"retailer","retailer_details":{"retailer_id":"1253","retailer_type":"Grocery - Local/Specialty","retailer_name":"La Michoacana Meat Market","retailer_slug":"la-michoacana-meat-market"}}},"externalUrlString":null,"externalRedirectConfirmationHeaderString":null,"externalRedirectConfirmationMessageString":null,"__typename":"RetailersResponseBackedRetailerSection"},"__typename":"RetailersRetailer"},"retailerId":"1253","retailerLocationId":"40286","serviceType":"delivery","viewSection":{"id":"retailers_response_backed:c286330b:shop:53963","trackingProperties":{"warehouse_id":"1253","retailer_id":"1253","warehouse_id_list":["1253"],"service_type":"delivery","retailer_location_id":"40286"},"deliveryString":"Delivery","pickupString":"","__typename":"RetailersResponseBackedShopSection"},"__typename":"RetailersShop"}],"__typename":"RetailersShopCollection"}}}]]></response>
    <comment></comment>
  </item>
  <item>
    <time>Fri Sep 05 13:46:24 CDT 2025</time>
    <url><![CDATA[https://lamichoacanameatmarket.instacart.com/graphql?operationName=ShopCollection&variables=%7B%22retailerSlugs%22%3A%5B%22la-michoacana-meat-market%22%5D%2C%22postalCode%22%3A%2277084%22%2C%22coordinates%22%3A%7B%22latitude%22%3A29.825169%2C%22longitude%22%3A-95.650085%7D%2C%22addressId%22%3Anull%2C%22allowCanonicalFallback%22%3Afalse%7D&extensions=%7B%22persistedQuery%22%3A%7B%22version%22%3A1%2C%22sha256Hash%22%3A%22ae760885902d517f6e5ee6bea2bfda356b3a62a92aaaefc7ee49ca58b49ad19b%22%7D%7D]]></url>
    <host ip="104.18.41.34">lamichoacanameatmarket.instacart.com</host>
    <port>443</port>
    <protocol>https</protocol>
    <method><![CDATA[GET]]></method>
    <path><![CDATA[/graphql?operationName=ShopCollection&variables=%7B%22retailerSlugs%22%3A%5B%22la-michoacana-meat-market%22%5D%2C%22postalCode%22%3A%2277084%22%2C%22coordinates%22%3A%7B%22latitude%22%3A29.825169%2C%22longitude%22%3A-95.650085%7D%2C%22addressId%22%3Anull%2C%22allowCanonicalFallback%22%3Afalse%7D&extensions=%7B%22persistedQuery%22%3A%7B%22version%22%3A1%2C%22sha256Hash%22%3A%22ae760885902d517f6e5ee6bea2bfda356b3a62a92aaaefc7ee49ca58b49ad19b%22%7D%7D]]></path>
    <extension>null</extension>
    <request base64="false"><![CDATA[GET /graphql?operationName=ShopCollection&variables=%7B%22retailerSlugs%22%3A%5B%22la-michoacana-meat-market%22%5D%2C%22postalCode%22%3A%2277084%22%2C%22coordinates%22%3A%7B%22latitude%22%3A29.825169%2C%22longitude%22%3A-95.650085%7D%2C%22addressId%22%3Anull%2C%22allowCanonicalFallback%22%3Afalse%7D&extensions=%7B%22persistedQuery%22%3A%7B%22version%22%3A1%2C%22sha256Hash%22%3A%22ae760885902d517f6e5ee6bea2bfda356b3a62a92aaaefc7ee49ca58b49ad19b%22%7D%7D HTTP/2
Host: lamichoacanameatmarket.instacart.com
Cookie: ajs_anonymous_id=ea2155a8-97ff-4b0e-b45e-39cf0739f40e; fpc_bpm=6c408fe3-8b36-4eb3-845158ee784ea186; _gcl_au=1.1.2092369738.1757096439; _scid=fThUJkdGap-1v9ZjbqZqSXFNEKdvn5uL; _sctr=1%7C1757048400000; _ga_VL5WVTXMWP=GS2.1.s1757097305$o1$g1$t1757097519$j13$l0$h0; _ga=GA1.1.206219771.1757097305; _ga_TS6NTR6J66=GS2.1.s1757097305$o1$g0$t1757097308$j57$l0$h0; shoppers_instacart_session=ZjJBblo0ODN4cW9WTDRhYmZ1MTFiNUtKeiswKy9Pa1VITGFHUXJMK2ROemk0RDJtUUJTcUtJQi9kZzYrK3NVWms1VHpqaXNYSXJacHp0c3BSaWZ5S0FqMVZrdnVwTU9QbEVyNkYxTDJyazhtQWZ6cmdYSU1odkZORG1PZGI4eUoxZHpvL3dFRyttOUxjS0tMSlRsaER3PT0tLU9pRSs5RWJKRWovYTlUSkJIajcwWWc9PQ%3D%3D--a284366cb4b21bf28cb51803cf47037da3a143fd; _ga_7JY7T788PK=GS2.1.s1757097523$o1$g1$t1757097603$j60$l0$h0; ahoy_visit=c99e7a2d-9d40-49cb-b4e2-6e639fe6cc2e; ahoy_visitor=4bf6fbc6-dd1e-46fb-80b3-348b38a425ad; __cf_bm=kITVkaBd39DAgq3Fr0jswHrvswXPz0F1mwgCjJucYyU-1757097636-1.0.1.1-0wLLpGm.7Lc755LxYKGa8XHRxrFB1FlrtrhfoXb_3eQEw_PxcU4PpSHh6cSD1y3e1ERxSARRs_hcYeAu1SOpGK3yvDbO1ov49PUj8nwwciA; build_sha=c27e69482ce558c6064666550c97cc2e857c996e; accessibleColorsEnabled=false; forterToken=f7fe3fe0a0154968b2655c5e926e2edf_1757097973894__UDF43-m4_24ck_; _scid_r=jLhUJkdGap-1v9ZjbqZqSXFNEKdvn5uLKZ53jg; _uetsid=06cf2b608a8511f087a3e9c9c9f94d50; _uetvid=06cf13508a8511f0b6648300830ef8b5; __Host-instacart_sid=v2.3fafb1b29cb3d0.9DmSwvi6sF0lcqedks9OtrwE9nBpcA-xpzM16fy8sOM; known_visitor=%7Cadelheidsalmon%40somoj.com%7Cemail_code; X-IC-bcx=1; aws-waf-token=a338d369-ef0a-49cc-a2f4-d8fb10e9df1c:EQoAjv+CilH2AAAA:JjgTyKY3qmSddHHXgyvPXPUL7h6DqNdVGaqcquM9VjzAGjo8RE8q0DpqX+RPVQkVhbW9huD/OhCr6SgrU1hLK5zInhA1q0dRdg5Fp4/JQaA+yYxiA3V3uuzb+8IHTgAn0Fi6zgCs3XVc/YJ/V8Ssn6xlu2XeM+Mrs+NGEW82a8pC+qrCCnMltd25xyCq0ino30wJ3w15Fbmy659bKhnnPMeZSQfw; _dd_s=logs=0&expire=1757098874705; ajs_user_id=17926101273457616
User-Agent: Mozilla/5.0 (X11; Linux x86_64; rv:128.0) Gecko/20100101 Firefox/128.0
Accept: */*
Accept-Language: en-US,en;q=0.5
Accept-Encoding: gzip, deflate, br
Referer: https://lamichoacanameatmarket.instacart.com/store/la-michoacana-meat-market/storefront
Content-Type: application/json
X-Client-Identifier: web
X-Page-View-Id: b312d70a-ee4e-5434-b023-b90f4d4f4d2c
Sec-Fetch-Dest: empty
Sec-Fetch-Mode: cors
Sec-Fetch-Site: same-origin
Priority: u=4
Te: trailers

]]></request>
    <status>200</status>
    <responselength>3256</responselength>
    <mimetype>JSON</mimetype>
    <response base64="false"><![CDATA[HTTP/2 200 OK
Date: Fri, 05 Sep 2025 18:46:24 GMT
Content-Type: application/json; charset=utf-8
X-Frame-Options: SAMEORIGIN
X-Xss-Protection: 1; mode=block
X-Content-Type-Options: nosniff
X-Download-Options: noopen
X-Permitted-Cross-Domain-Policies: none
Referrer-Policy: strict-origin-when-cross-origin
Set-Cookie: ahoy_visit=c99e7a2d-9d40-49cb-b4e2-6e639fe6cc2e; path=/; expires=Fri, 05 Sep 2025 22:46:24 GMT; SameSite=Lax
Etag: W/"f245de056f8d346f3d198ba544b16b9f"
Cache-Control: max-age=0, private, must-revalidate
Server-Timing: runtime;desc="Application Runtime";dur=166, requestId;desc="0ec32be0-fb00-4b83-b2e6-c03af1ee5b57";dur=0
X-Request-Id: 0ec32be0-fb00-4b83-b2e6-c03af1ee5b57
X-Runtime: 0.165950
Vary: Accept, Origin
Vary: accept-encoding
Strict-Transport-Security: max-age=31536000; includeSubDomains; preload
Cf-Cache-Status: DYNAMIC
Server: cloudflare
Cf-Ray: 97a7e3a0a8435bce-TUN
Alt-Svc: h3=":443"; ma=86400

{"data":{"shopCollection":{"id":"9ae50405","viewSection":{"trackingProperties":{"element_details":{"shop_collection_request_id":"334ac674-1489-47fd-80c7-fe4436727181"}},"__typename":"RetailersResponseBackedShopCollectionSection"},"shops":[{"id":"53963","retailerInventorySessionToken":"v1.58e5910.17926101273457616-77084-02982x19565-1-1253-40286-1-0","retailer":{"id":"1253","categories":["grocery","readymeals","gifts","latin"],"homeCategories":["grocery","local"],"slug":"la-michoacana-meat-market","name":"La Michoacana Meat Market","retailerType":"Grocery - Local/Specialty","backgroundColorHex":"#000000","refreshHeaderBackgroundColorHex":"#FFFFFF","logoBackgroundColorHex":"#FFFFFF","viewSection":{"id":"retailers_response_backed:4cfe0811:retailer:1253","nameString":"La Michoacana Meat Market","retailerCardCategories":[{"id":"retailers_response_backed:4cfe0811:retailer:1253:retailer_card_categories:b133788c","categoryString":"Groceries","__typename":"RetailersResponseBackedRetailerCardCategoriesSection"}],"logoImage":{"id":"2c5dbc2a","altText":"La Michoacana Meat Market logo","templateUrl":"https://www.instacart.com/image-server/{width=}x{height=}/www.instacart.com/assets/domains/warehouse/logo/1253/a19e2a7d-a67e-4788-8029-c36aef55b06c.png","url":"https://www.instacart.com/assets/domains/warehouse/logo/1253/a19e2a7d-a67e-4788-8029-c36aef55b06c.png","__typename":"Image"},"trackingProperties":{"element_details":{"element_type":"retailer","retailer_details":{"retailer_id":"1253","retailer_type":"Grocery - Local/Specialty","retailer_name":"La Michoacana Meat Market","retailer_slug":"la-michoacana-meat-market"}}},"externalUrlString":null,"externalRedirectConfirmationHeaderString":null,"externalRedirectConfirmationMessageString":null,"__typename":"RetailersResponseBackedRetailerSection"},"__typename":"RetailersRetailer"},"retailerId":"1253","retailerLocationId":"40286","serviceType":"delivery","viewSection":{"id":"retailers_response_backed:c07b3a26:shop:53963","trackingProperties":{"warehouse_id":"1253","retailer_id":"1253","warehouse_id_list":["1253"],"service_type":"delivery","retailer_location_id":"40286"},"deliveryString":"Delivery","pickupString":"","__typename":"RetailersResponseBackedShopSection"},"__typename":"RetailersShop"}],"__typename":"RetailersShopCollection"}}}]]></response>
    <comment></comment>
  </item>
  <item>
    <time>Fri Sep 05 13:46:42 CDT 2025</time>
    <url><![CDATA[https://lamichoacanameatmarket.instacart.com/graphql?operationName=SkinnyBundleData&variables=%7B%22shopId%22%3A%2253963%22%2C%22postalCode%22%3A%2277084%22%2C%22coordinates%22%3A%7B%22latitude%22%3A29.825169%2C%22longitude%22%3A-95.650085%7D%2C%22addressId%22%3Anull%7D&extensions=%7B%22persistedQuery%22%3A%7B%22version%22%3A1%2C%22sha256Hash%22%3A%22fe14013f8aa5190a63d89745a8c3e08a23c7c07e2134435b66fdfcbc3005d89e%22%7D%7D]]></url>
    <host ip="104.18.41.34">lamichoacanameatmarket.instacart.com</host>
    <port>443</port>
    <protocol>https</protocol>
    <method><![CDATA[GET]]></method>
    <path><![CDATA[/graphql?operationName=SkinnyBundleData&variables=%7B%22shopId%22%3A%2253963%22%2C%22postalCode%22%3A%2277084%22%2C%22coordinates%22%3A%7B%22latitude%22%3A29.825169%2C%22longitude%22%3A-95.650085%7D%2C%22addressId%22%3Anull%7D&extensions=%7B%22persistedQuery%22%3A%7B%22version%22%3A1%2C%22sha256Hash%22%3A%22fe14013f8aa5190a63d89745a8c3e08a23c7c07e2134435b66fdfcbc3005d89e%22%7D%7D]]></path>
    <extension>null</extension>
    <request base64="false"><![CDATA[GET /graphql?operationName=SkinnyBundleData&variables=%7B%22shopId%22%3A%2253963%22%2C%22postalCode%22%3A%2277084%22%2C%22coordinates%22%3A%7B%22latitude%22%3A29.825169%2C%22longitude%22%3A-95.650085%7D%2C%22addressId%22%3Anull%7D&extensions=%7B%22persistedQuery%22%3A%7B%22version%22%3A1%2C%22sha256Hash%22%3A%22fe14013f8aa5190a63d89745a8c3e08a23c7c07e2134435b66fdfcbc3005d89e%22%7D%7D HTTP/2
Host: lamichoacanameatmarket.instacart.com
Cookie: ajs_anonymous_id=ea2155a8-97ff-4b0e-b45e-39cf0739f40e; fpc_bpm=6c408fe3-8b36-4eb3-845158ee784ea186; _gcl_au=1.1.2092369738.1757096439; _scid=fThUJkdGap-1v9ZjbqZqSXFNEKdvn5uL; _sctr=1%7C1757048400000; _ga_VL5WVTXMWP=GS2.1.s1757097305$o1$g1$t1757097519$j13$l0$h0; _ga=GA1.1.206219771.1757097305; _ga_TS6NTR6J66=GS2.1.s1757097305$o1$g0$t1757097308$j57$l0$h0; shoppers_instacart_session=ZjJBblo0ODN4cW9WTDRhYmZ1MTFiNUtKeiswKy9Pa1VITGFHUXJMK2ROemk0RDJtUUJTcUtJQi9kZzYrK3NVWms1VHpqaXNYSXJacHp0c3BSaWZ5S0FqMVZrdnVwTU9QbEVyNkYxTDJyazhtQWZ6cmdYSU1odkZORG1PZGI4eUoxZHpvL3dFRyttOUxjS0tMSlRsaER3PT0tLU9pRSs5RWJKRWovYTlUSkJIajcwWWc9PQ%3D%3D--a284366cb4b21bf28cb51803cf47037da3a143fd; _ga_7JY7T788PK=GS2.1.s1757097523$o1$g1$t1757097603$j60$l0$h0; ahoy_visit=c99e7a2d-9d40-49cb-b4e2-6e639fe6cc2e; ahoy_visitor=4bf6fbc6-dd1e-46fb-80b3-348b38a425ad; __cf_bm=kITVkaBd39DAgq3Fr0jswHrvswXPz0F1mwgCjJucYyU-1757097636-1.0.1.1-0wLLpGm.7Lc755LxYKGa8XHRxrFB1FlrtrhfoXb_3eQEw_PxcU4PpSHh6cSD1y3e1ERxSARRs_hcYeAu1SOpGK3yvDbO1ov49PUj8nwwciA; build_sha=8a2505c5fca456e691ae5b53d9bde44cc0c73c77; accessibleColorsEnabled=false; forterToken=f7fe3fe0a0154968b2655c5e926e2edf_1757097973894__UDF43-m4_24ck_; _scid_r=jLhUJkdGap-1v9ZjbqZqSXFNEKdvn5uLKZ53jg; _uetsid=06cf2b608a8511f087a3e9c9c9f94d50; _uetvid=06cf13508a8511f0b6648300830ef8b5; __Host-instacart_sid=v2.3fafb1b29cb3d0.9DmSwvi6sF0lcqedks9OtrwE9nBpcA-xpzM16fy8sOM; known_visitor=%7Cadelheidsalmon%40somoj.com%7Cemail_code; X-IC-bcx=1; aws-waf-token=a338d369-ef0a-49cc-a2f4-d8fb10e9df1c:EQoAjv+CilH2AAAA:JjgTyKY3qmSddHHXgyvPXPUL7h6DqNdVGaqcquM9VjzAGjo8RE8q0DpqX+RPVQkVhbW9huD/OhCr6SgrU1hLK5zInhA1q0dRdg5Fp4/JQaA+yYxiA3V3uuzb+8IHTgAn0Fi6zgCs3XVc/YJ/V8Ssn6xlu2XeM+Mrs+NGEW82a8pC+qrCCnMltd25xyCq0ino30wJ3w15Fbmy659bKhnnPMeZSQfw; _dd_s=logs=0&expire=1757098897936; ajs_user_id=17926101273457616; __stripe_mid=6c9fc8d2-ee45-42c9-94ec-f47eab4b785e04efe9; __stripe_sid=7a931703-8d0a-49c2-8415-1dc5f6b3908d0fb532; _instacart_session_id=VzFpUU9DMHRRRDdPa3V6N0tNQVcxYk5pWG9zQnBTdGdZdisyNW9ITzU3ejEvVVNQOGkxN05vUnNPT0FlSS9TZTIvTnRPQXIvbUprK20yciswNmVWc3Ezc3pFSEJaTGl4ZXEwbmJUUExIbXFUWXlOMXB4K0VQb212YVkzOHh4aVpleHNUMjcxVVRqdGMxVUZCSnNkSllBPT0tLVptUWRLZFg2dk9iRnN5VmpwRmFDaEE9PQ%3D%3D--87be80ea9fa3b31bdf502be9e9b77bf5338b6a7a
User-Agent: Mozilla/5.0 (X11; Linux x86_64; rv:128.0) Gecko/20100101 Firefox/128.0
Accept: */*
Accept-Language: en-US,en;q=0.5
Accept-Encoding: gzip, deflate, br
Referer: https://lamichoacanameatmarket.instacart.com/store/la-michoacana-meat-market/storefront
Content-Type: application/json
X-Client-Identifier: web
Sec-Fetch-Dest: empty
Sec-Fetch-Mode: cors
Sec-Fetch-Site: same-origin
Priority: u=4
Te: trailers

]]></request>
    <status>200</status>
    <responselength>2259</responselength>
    <mimetype>JSON</mimetype>
    <response base64="false"><![CDATA[HTTP/2 200 OK
Date: Fri, 05 Sep 2025 18:46:42 GMT
Content-Type: application/json; charset=utf-8
X-Frame-Options: SAMEORIGIN
X-Xss-Protection: 1; mode=block
X-Content-Type-Options: nosniff
X-Download-Options: noopen
X-Permitted-Cross-Domain-Policies: none
Referrer-Policy: strict-origin-when-cross-origin
Set-Cookie: ahoy_visit=c99e7a2d-9d40-49cb-b4e2-6e639fe6cc2e; path=/; expires=Fri, 05 Sep 2025 22:46:42 GMT; SameSite=Lax
Etag: W/"0ab8d38611d217e21f8fa26f5d1f66d1"
Cache-Control: max-age=0, private, must-revalidate
Server-Timing: runtime;desc="Application Runtime";dur=149, requestId;desc="8bfb369b-c80a-4a17-8a60-5cfbf1907dce";dur=0
X-Request-Id: 8bfb369b-c80a-4a17-8a60-5cfbf1907dce
X-Runtime: 0.148792
Vary: Accept, Origin
Vary: accept-encoding
Strict-Transport-Security: max-age=31536000; includeSubDomains; preload
Cf-Cache-Status: DYNAMIC
Server: cloudflare
Cf-Ray: 97a7e411d9fe5bd0-TUN
Alt-Svc: h3=":443"; ma=86400

{"data":{"currentStoreConfiguration":{"id":"1016","slug":"la-michoacana-meat-market","brandedName":"La Michoacana Meat Market","__typename":"RetailersStoreConfiguration"},"currentCountry":{"id":"840","name":"USA","iso2":"US","__typename":"RetailersCountry"},"currentUser":{"id":"17926101273457616","firstName":"adelheidsalmon","lastName":"","admin":false,"guest":false,"email":"adelheidsalmon@somoj.com","userLifecycleOptional":{"status":"new","__typename":"UsersUserLifecycle"},"__typename":"UsersUser"},"shop":{"id":"53963","retailer":{"id":"1253","slug":"la-michoacana-meat-market","viewSection":{"logoImage":{"url":"https://www.instacart.com/assets/domains/warehouse/logo/1253/a19e2a7d-a67e-4788-8029-c36aef55b06c.png","altText":"La Michoacana Meat Market logo","__typename":"Image"},"__typename":"RetailersResponseBackedRetailerSection"},"__typename":"RetailersRetailer"},"retailerLocationId":"40286","serviceType":"delivery","retailerInventorySessionToken":"v1.58e5910.17926101273457616-77084-02982x19565-1-1253-40286-1-0","__typename":"RetailersShop"},"shopBasket":{"id":"90382a13","cartId":"11935581283","cartType":"grocery","orderDeliveryId":null,"__typename":"CartsAllocateShopBasketResponse"}},"extensions":{"cacheControl":{"version":1,"hints":[{"maxAge":3600,"scope":"PRIVATE","path":["shop"]}]}}}]]></response>
    <comment></comment>
  </item>
  <item>
    <time>Fri Sep 05 13:46:26 CDT 2025</time>
    <url><![CDATA[https://lamichoacanameatmarket.instacart.com/graphql?operationName=SlotCampaignPlacement&variables=%7B%22slotId%22%3A%2214901275508008796%22%2C%22adsEnabled%22%3Afalse%2C%22shopId%22%3A%2253963%22%2C%22postalCode%22%3A%2277084%22%2C%22zoneId%22%3A%2293%22%2C%22first%22%3A100%7D&extensions=%7B%22persistedQuery%22%3A%7B%22version%22%3A1%2C%22sha256Hash%22%3A%221343ce2a6430fb302b66a50307dce7941b3994a1b387c8c8d8ba0a4ff6cd991a%22%7D%7D]]></url>
    <host ip="104.18.41.34">lamichoacanameatmarket.instacart.com</host>
    <port>443</port>
    <protocol>https</protocol>
    <method><![CDATA[GET]]></method>
    <path><![CDATA[/graphql?operationName=SlotCampaignPlacement&variables=%7B%22slotId%22%3A%2214901275508008796%22%2C%22adsEnabled%22%3Afalse%2C%22shopId%22%3A%2253963%22%2C%22postalCode%22%3A%2277084%22%2C%22zoneId%22%3A%2293%22%2C%22first%22%3A100%7D&extensions=%7B%22persistedQuery%22%3A%7B%22version%22%3A1%2C%22sha256Hash%22%3A%221343ce2a6430fb302b66a50307dce7941b3994a1b387c8c8d8ba0a4ff6cd991a%22%7D%7D]]></path>
    <extension>null</extension>
    <request base64="false"><![CDATA[GET /graphql?operationName=SlotCampaignPlacement&variables=%7B%22slotId%22%3A%2214901275508008796%22%2C%22adsEnabled%22%3Afalse%2C%22shopId%22%3A%2253963%22%2C%22postalCode%22%3A%2277084%22%2C%22zoneId%22%3A%2293%22%2C%22first%22%3A100%7D&extensions=%7B%22persistedQuery%22%3A%7B%22version%22%3A1%2C%22sha256Hash%22%3A%221343ce2a6430fb302b66a50307dce7941b3994a1b387c8c8d8ba0a4ff6cd991a%22%7D%7D HTTP/2
Host: lamichoacanameatmarket.instacart.com
Cookie: ajs_anonymous_id=ea2155a8-97ff-4b0e-b45e-39cf0739f40e; fpc_bpm=6c408fe3-8b36-4eb3-845158ee784ea186; _gcl_au=1.1.2092369738.1757096439; _scid=fThUJkdGap-1v9ZjbqZqSXFNEKdvn5uL; _sctr=1%7C1757048400000; _ga_VL5WVTXMWP=GS2.1.s1757097305$o1$g1$t1757097519$j13$l0$h0; _ga=GA1.1.206219771.1757097305; _ga_TS6NTR6J66=GS2.1.s1757097305$o1$g0$t1757097308$j57$l0$h0; shoppers_instacart_session=ZjJBblo0ODN4cW9WTDRhYmZ1MTFiNUtKeiswKy9Pa1VITGFHUXJMK2ROemk0RDJtUUJTcUtJQi9kZzYrK3NVWms1VHpqaXNYSXJacHp0c3BSaWZ5S0FqMVZrdnVwTU9QbEVyNkYxTDJyazhtQWZ6cmdYSU1odkZORG1PZGI4eUoxZHpvL3dFRyttOUxjS0tMSlRsaER3PT0tLU9pRSs5RWJKRWovYTlUSkJIajcwWWc9PQ%3D%3D--a284366cb4b21bf28cb51803cf47037da3a143fd; _ga_7JY7T788PK=GS2.1.s1757097523$o1$g1$t1757097603$j60$l0$h0; ahoy_visit=c99e7a2d-9d40-49cb-b4e2-6e639fe6cc2e; ahoy_visitor=4bf6fbc6-dd1e-46fb-80b3-348b38a425ad; __cf_bm=kITVkaBd39DAgq3Fr0jswHrvswXPz0F1mwgCjJucYyU-1757097636-1.0.1.1-0wLLpGm.7Lc755LxYKGa8XHRxrFB1FlrtrhfoXb_3eQEw_PxcU4PpSHh6cSD1y3e1ERxSARRs_hcYeAu1SOpGK3yvDbO1ov49PUj8nwwciA; build_sha=c27e69482ce558c6064666550c97cc2e857c996e; accessibleColorsEnabled=false; forterToken=f7fe3fe0a0154968b2655c5e926e2edf_1757097973894__UDF43-m4_24ck_; _scid_r=jLhUJkdGap-1v9ZjbqZqSXFNEKdvn5uLKZ53jg; _uetsid=06cf2b608a8511f087a3e9c9c9f94d50; _uetvid=06cf13508a8511f0b6648300830ef8b5; __Host-instacart_sid=v2.3fafb1b29cb3d0.9DmSwvi6sF0lcqedks9OtrwE9nBpcA-xpzM16fy8sOM; known_visitor=%7Cadelheidsalmon%40somoj.com%7Cemail_code; X-IC-bcx=1; aws-waf-token=a338d369-ef0a-49cc-a2f4-d8fb10e9df1c:EQoAjv+CilH2AAAA:JjgTyKY3qmSddHHXgyvPXPUL7h6DqNdVGaqcquM9VjzAGjo8RE8q0DpqX+RPVQkVhbW9huD/OhCr6SgrU1hLK5zInhA1q0dRdg5Fp4/JQaA+yYxiA3V3uuzb+8IHTgAn0Fi6zgCs3XVc/YJ/V8Ssn6xlu2XeM+Mrs+NGEW82a8pC+qrCCnMltd25xyCq0ino30wJ3w15Fbmy659bKhnnPMeZSQfw; _dd_s=logs=0&expire=1757098874705; ajs_user_id=17926101273457616; __stripe_mid=6c9fc8d2-ee45-42c9-94ec-f47eab4b785e04efe9; __stripe_sid=7a931703-8d0a-49c2-8415-1dc5f6b3908d0fb532
User-Agent: Mozilla/5.0 (X11; Linux x86_64; rv:128.0) Gecko/20100101 Firefox/128.0
Accept: */*
Accept-Language: en-US,en;q=0.5
Accept-Encoding: gzip, deflate, br
Referer: https://lamichoacanameatmarket.instacart.com/store/la-michoacana-meat-market/storefront
Content-Type: application/json
X-Client-Identifier: web
X-Page-View-Id: b312d70a-ee4e-5434-b023-b90f4d4f4d2c
Sec-Fetch-Dest: empty
Sec-Fetch-Mode: cors
Sec-Fetch-Site: same-origin
Priority: u=4
Te: trailers

]]></request>
    <status>200</status>
    <responselength>1155</responselength>
    <mimetype>JSON</mimetype>
    <response base64="false"><![CDATA[HTTP/2 200 OK
Date: Fri, 05 Sep 2025 18:46:26 GMT
Content-Type: application/json; charset=utf-8
X-Frame-Options: SAMEORIGIN
X-Xss-Protection: 1; mode=block
X-Content-Type-Options: nosniff
X-Download-Options: noopen
X-Permitted-Cross-Domain-Policies: none
Referrer-Policy: strict-origin-when-cross-origin
Set-Cookie: ahoy_visit=c99e7a2d-9d40-49cb-b4e2-6e639fe6cc2e; path=/; expires=Fri, 05 Sep 2025 22:46:26 GMT; SameSite=Lax
Etag: W/"e0a5b436351cd7282aff8574ac621631"
Cache-Control: max-age=0, private, must-revalidate
Server-Timing: runtime;desc="Application Runtime";dur=133, requestId;desc="30332e18-552b-43f9-a2a3-80bf4a472183";dur=0
X-Request-Id: 30332e18-552b-43f9-a2a3-80bf4a472183
X-Runtime: 0.133213
Vary: Accept, Origin
Vary: accept-encoding
Strict-Transport-Security: max-age=31536000; includeSubDomains; preload
Cf-Cache-Status: DYNAMIC
Server: cloudflare
Cf-Ray: 97a7e3afa8b25bce-TUN
Alt-Svc: h3=":443"; ma=86400

{"data":{"slotCampaignPlacement":{"__typename":"ContentManagementCardListsSimple"}},"extensions":{"cacheControl":{"version":1,"hints":[{"maxAge":3600,"scope":"PRIVATE","path":["slotCampaignPlacement"]}]}}}]]></response>
    <comment></comment>
  </item>
  <item>
    <time>Fri Sep 05 13:46:26 CDT 2025</time>
    <url><![CDATA[https://lamichoacanameatmarket.instacart.com/graphql?operationName=StorefrontEyebrowPlacementQuery&variables=%7B%22shopId%22%3A%2253963%22%2C%22debugPlacementId%22%3A%22%22%2C%22postalCode%22%3A%2277084%22%7D&extensions=%7B%22persistedQuery%22%3A%7B%22version%22%3A1%2C%22sha256Hash%22%3A%229422ac4ea1e962d1c4f707ebd476260623fc2b1b3c2ba619a4782076cc6b2980%22%7D%7D]]></url>
    <host ip="104.18.41.34">lamichoacanameatmarket.instacart.com</host>
    <port>443</port>
    <protocol>https</protocol>
    <method><![CDATA[GET]]></method>
    <path><![CDATA[/graphql?operationName=StorefrontEyebrowPlacementQuery&variables=%7B%22shopId%22%3A%2253963%22%2C%22debugPlacementId%22%3A%22%22%2C%22postalCode%22%3A%2277084%22%7D&extensions=%7B%22persistedQuery%22%3A%7B%22version%22%3A1%2C%22sha256Hash%22%3A%229422ac4ea1e962d1c4f707ebd476260623fc2b1b3c2ba619a4782076cc6b2980%22%7D%7D]]></path>
    <extension>null</extension>
    <request base64="false"><![CDATA[GET /graphql?operationName=StorefrontEyebrowPlacementQuery&variables=%7B%22shopId%22%3A%2253963%22%2C%22debugPlacementId%22%3A%22%22%2C%22postalCode%22%3A%2277084%22%7D&extensions=%7B%22persistedQuery%22%3A%7B%22version%22%3A1%2C%22sha256Hash%22%3A%229422ac4ea1e962d1c4f707ebd476260623fc2b1b3c2ba619a4782076cc6b2980%22%7D%7D HTTP/2
Host: lamichoacanameatmarket.instacart.com
Cookie: ajs_anonymous_id=ea2155a8-97ff-4b0e-b45e-39cf0739f40e; fpc_bpm=6c408fe3-8b36-4eb3-845158ee784ea186; _gcl_au=1.1.2092369738.1757096439; _scid=fThUJkdGap-1v9ZjbqZqSXFNEKdvn5uL; _sctr=1%7C1757048400000; _ga_VL5WVTXMWP=GS2.1.s1757097305$o1$g1$t1757097519$j13$l0$h0; _ga=GA1.1.206219771.1757097305; _ga_TS6NTR6J66=GS2.1.s1757097305$o1$g0$t1757097308$j57$l0$h0; shoppers_instacart_session=ZjJBblo0ODN4cW9WTDRhYmZ1MTFiNUtKeiswKy9Pa1VITGFHUXJMK2ROemk0RDJtUUJTcUtJQi9kZzYrK3NVWms1VHpqaXNYSXJacHp0c3BSaWZ5S0FqMVZrdnVwTU9QbEVyNkYxTDJyazhtQWZ6cmdYSU1odkZORG1PZGI4eUoxZHpvL3dFRyttOUxjS0tMSlRsaER3PT0tLU9pRSs5RWJKRWovYTlUSkJIajcwWWc9PQ%3D%3D--a284366cb4b21bf28cb51803cf47037da3a143fd; _ga_7JY7T788PK=GS2.1.s1757097523$o1$g1$t1757097603$j60$l0$h0; ahoy_visit=c99e7a2d-9d40-49cb-b4e2-6e639fe6cc2e; ahoy_visitor=4bf6fbc6-dd1e-46fb-80b3-348b38a425ad; __cf_bm=kITVkaBd39DAgq3Fr0jswHrvswXPz0F1mwgCjJucYyU-1757097636-1.0.1.1-0wLLpGm.7Lc755LxYKGa8XHRxrFB1FlrtrhfoXb_3eQEw_PxcU4PpSHh6cSD1y3e1ERxSARRs_hcYeAu1SOpGK3yvDbO1ov49PUj8nwwciA; build_sha=c27e69482ce558c6064666550c97cc2e857c996e; accessibleColorsEnabled=false; forterToken=f7fe3fe0a0154968b2655c5e926e2edf_1757097973894__UDF43-m4_24ck_; _scid_r=jLhUJkdGap-1v9ZjbqZqSXFNEKdvn5uLKZ53jg; _uetsid=06cf2b608a8511f087a3e9c9c9f94d50; _uetvid=06cf13508a8511f0b6648300830ef8b5; __Host-instacart_sid=v2.3fafb1b29cb3d0.9DmSwvi6sF0lcqedks9OtrwE9nBpcA-xpzM16fy8sOM; known_visitor=%7Cadelheidsalmon%40somoj.com%7Cemail_code; X-IC-bcx=1; aws-waf-token=a338d369-ef0a-49cc-a2f4-d8fb10e9df1c:EQoAjv+CilH2AAAA:JjgTyKY3qmSddHHXgyvPXPUL7h6DqNdVGaqcquM9VjzAGjo8RE8q0DpqX+RPVQkVhbW9huD/OhCr6SgrU1hLK5zInhA1q0dRdg5Fp4/JQaA+yYxiA3V3uuzb+8IHTgAn0Fi6zgCs3XVc/YJ/V8Ssn6xlu2XeM+Mrs+NGEW82a8pC+qrCCnMltd25xyCq0ino30wJ3w15Fbmy659bKhnnPMeZSQfw; _dd_s=logs=0&expire=1757098874705; ajs_user_id=17926101273457616; __stripe_mid=6c9fc8d2-ee45-42c9-94ec-f47eab4b785e04efe9; __stripe_sid=7a931703-8d0a-49c2-8415-1dc5f6b3908d0fb532
User-Agent: Mozilla/5.0 (X11; Linux x86_64; rv:128.0) Gecko/20100101 Firefox/128.0
Accept: */*
Accept-Language: en-US,en;q=0.5
Accept-Encoding: gzip, deflate, br
Referer: https://lamichoacanameatmarket.instacart.com/store/la-michoacana-meat-market/storefront
Content-Type: application/json
X-Client-Identifier: web
X-Page-View-Id: b312d70a-ee4e-5434-b023-b90f4d4f4d2c
Sec-Fetch-Dest: empty
Sec-Fetch-Mode: cors
Sec-Fetch-Site: same-origin
Priority: u=4
Te: trailers

]]></request>
    <status>200</status>
    <responselength>1121</responselength>
    <mimetype>JSON</mimetype>
    <response base64="false"><![CDATA[HTTP/2 200 OK
Date: Fri, 05 Sep 2025 18:46:26 GMT
Content-Type: application/json; charset=utf-8
X-Frame-Options: SAMEORIGIN
X-Xss-Protection: 1; mode=block
X-Content-Type-Options: nosniff
X-Download-Options: noopen
X-Permitted-Cross-Domain-Policies: none
Referrer-Policy: strict-origin-when-cross-origin
Set-Cookie: ahoy_visit=c99e7a2d-9d40-49cb-b4e2-6e639fe6cc2e; path=/; expires=Fri, 05 Sep 2025 22:46:26 GMT; SameSite=Lax
Etag: W/"bea70cdfa4793fc6c71f16cffde030ad"
Cache-Control: max-age=0, private, must-revalidate
Server-Timing: runtime;desc="Application Runtime";dur=139, requestId;desc="5d14c795-24b7-4747-a7f6-f5fb441af058";dur=0
X-Request-Id: 5d14c795-24b7-4747-a7f6-f5fb441af058
X-Runtime: 0.139752
Vary: Accept, Origin
Vary: accept-encoding
Strict-Transport-Security: max-age=31536000; includeSubDomains; preload
Cf-Cache-Status: DYNAMIC
Server: cloudflare
Cf-Ray: 97a7e3ab9c6b5bce-TUN
Alt-Svc: h3=":443"; ma=86400

{"data":{"storefrontEyebrowPlacement":null},"extensions":{"cacheControl":{"version":1,"hints":[{"maxAge":10800,"scope":"PRIVATE","path":["storefrontEyebrowPlacement"]}]}}}]]></response>
    <comment></comment>
  </item>
  <item>
    <time>Fri Sep 05 13:46:24 CDT 2025</time>
    <url><![CDATA[https://lamichoacanameatmarket.instacart.com/graphql?operationName=UnifiedAdPlacement&variables=%7B%22retailerInventorySessionToken%22%3A%22v1.58e5910.17926101273457616-77084-02982x19565-1-1253-40286-1-0%22%2C%22pageViewId%22%3A%22b312d70a-ee4e-5434-b023-b90f4d4f4d2c%22%2C%22adPlacement%22%3A%22storefront_category_growth_promotions_recommendations%22%2C%22first%22%3A6%2C%22shopId%22%3A%2253963%22%2C%22postalCode%22%3A%2277084%22%2C%22zoneId%22%3A%2293%22%7D&extensions=%7B%22persistedQuery%22%3A%7B%22version%22%3A1%2C%22sha256Hash%22%3A%22837a78b778e05a6838edb82be49a35b668b255d453a2dde4310f0ef7d33bcf28%22%7D%7D]]></url>
    <host ip="104.18.41.34">lamichoacanameatmarket.instacart.com</host>
    <port>443</port>
    <protocol>https</protocol>
    <method><![CDATA[GET]]></method>
    <path><![CDATA[/graphql?operationName=UnifiedAdPlacement&variables=%7B%22retailerInventorySessionToken%22%3A%22v1.58e5910.17926101273457616-77084-02982x19565-1-1253-40286-1-0%22%2C%22pageViewId%22%3A%22b312d70a-ee4e-5434-b023-b90f4d4f4d2c%22%2C%22adPlacement%22%3A%22storefront_category_growth_promotions_recommendations%22%2C%22first%22%3A6%2C%22shopId%22%3A%2253963%22%2C%22postalCode%22%3A%2277084%22%2C%22zoneId%22%3A%2293%22%7D&extensions=%7B%22persistedQuery%22%3A%7B%22version%22%3A1%2C%22sha256Hash%22%3A%22837a78b778e05a6838edb82be49a35b668b255d453a2dde4310f0ef7d33bcf28%22%7D%7D]]></path>
    <extension>null</extension>
    <request base64="false"><![CDATA[GET /graphql?operationName=UnifiedAdPlacement&variables=%7B%22retailerInventorySessionToken%22%3A%22v1.58e5910.17926101273457616-77084-02982x19565-1-1253-40286-1-0%22%2C%22pageViewId%22%3A%22b312d70a-ee4e-5434-b023-b90f4d4f4d2c%22%2C%22adPlacement%22%3A%22storefront_category_growth_promotions_recommendations%22%2C%22first%22%3A6%2C%22shopId%22%3A%2253963%22%2C%22postalCode%22%3A%2277084%22%2C%22zoneId%22%3A%2293%22%7D&extensions=%7B%22persistedQuery%22%3A%7B%22version%22%3A1%2C%22sha256Hash%22%3A%22837a78b778e05a6838edb82be49a35b668b255d453a2dde4310f0ef7d33bcf28%22%7D%7D HTTP/2
Host: lamichoacanameatmarket.instacart.com
Cookie: ajs_anonymous_id=ea2155a8-97ff-4b0e-b45e-39cf0739f40e; fpc_bpm=6c408fe3-8b36-4eb3-845158ee784ea186; _gcl_au=1.1.2092369738.1757096439; _scid=fThUJkdGap-1v9ZjbqZqSXFNEKdvn5uL; _sctr=1%7C1757048400000; _ga_VL5WVTXMWP=GS2.1.s1757097305$o1$g1$t1757097519$j13$l0$h0; _ga=GA1.1.206219771.1757097305; _ga_TS6NTR6J66=GS2.1.s1757097305$o1$g0$t1757097308$j57$l0$h0; shoppers_instacart_session=ZjJBblo0ODN4cW9WTDRhYmZ1MTFiNUtKeiswKy9Pa1VITGFHUXJMK2ROemk0RDJtUUJTcUtJQi9kZzYrK3NVWms1VHpqaXNYSXJacHp0c3BSaWZ5S0FqMVZrdnVwTU9QbEVyNkYxTDJyazhtQWZ6cmdYSU1odkZORG1PZGI4eUoxZHpvL3dFRyttOUxjS0tMSlRsaER3PT0tLU9pRSs5RWJKRWovYTlUSkJIajcwWWc9PQ%3D%3D--a284366cb4b21bf28cb51803cf47037da3a143fd; _ga_7JY7T788PK=GS2.1.s1757097523$o1$g1$t1757097603$j60$l0$h0; ahoy_visit=c99e7a2d-9d40-49cb-b4e2-6e639fe6cc2e; ahoy_visitor=4bf6fbc6-dd1e-46fb-80b3-348b38a425ad; __cf_bm=kITVkaBd39DAgq3Fr0jswHrvswXPz0F1mwgCjJucYyU-1757097636-1.0.1.1-0wLLpGm.7Lc755LxYKGa8XHRxrFB1FlrtrhfoXb_3eQEw_PxcU4PpSHh6cSD1y3e1ERxSARRs_hcYeAu1SOpGK3yvDbO1ov49PUj8nwwciA; build_sha=c27e69482ce558c6064666550c97cc2e857c996e; accessibleColorsEnabled=false; forterToken=f7fe3fe0a0154968b2655c5e926e2edf_1757097973894__UDF43-m4_24ck_; _scid_r=jLhUJkdGap-1v9ZjbqZqSXFNEKdvn5uLKZ53jg; _uetsid=06cf2b608a8511f087a3e9c9c9f94d50; _uetvid=06cf13508a8511f0b6648300830ef8b5; __Host-instacart_sid=v2.3fafb1b29cb3d0.9DmSwvi6sF0lcqedks9OtrwE9nBpcA-xpzM16fy8sOM; known_visitor=%7Cadelheidsalmon%40somoj.com%7Cemail_code; X-IC-bcx=1; aws-waf-token=a338d369-ef0a-49cc-a2f4-d8fb10e9df1c:EQoAjv+CilH2AAAA:JjgTyKY3qmSddHHXgyvPXPUL7h6DqNdVGaqcquM9VjzAGjo8RE8q0DpqX+RPVQkVhbW9huD/OhCr6SgrU1hLK5zInhA1q0dRdg5Fp4/JQaA+yYxiA3V3uuzb+8IHTgAn0Fi6zgCs3XVc/YJ/V8Ssn6xlu2XeM+Mrs+NGEW82a8pC+qrCCnMltd25xyCq0ino30wJ3w15Fbmy659bKhnnPMeZSQfw; _dd_s=logs=0&expire=1757098874705; ajs_user_id=17926101273457616
User-Agent: Mozilla/5.0 (X11; Linux x86_64; rv:128.0) Gecko/20100101 Firefox/128.0
Accept: */*
Accept-Language: en-US,en;q=0.5
Accept-Encoding: gzip, deflate, br
Referer: https://lamichoacanameatmarket.instacart.com/store/la-michoacana-meat-market/storefront
Content-Type: application/json
X-Client-Identifier: web
X-Page-View-Id: b312d70a-ee4e-5434-b023-b90f4d4f4d2c
Sec-Fetch-Dest: empty
Sec-Fetch-Mode: cors
Sec-Fetch-Site: same-origin
Priority: u=4
Te: trailers

]]></request>
    <status>200</status>
    <responselength>983</responselength>
    <mimetype>JSON</mimetype>
    <response base64="false"><![CDATA[HTTP/2 200 OK
Date: Fri, 05 Sep 2025 18:46:24 GMT
Content-Type: application/json; charset=utf-8
X-Frame-Options: SAMEORIGIN
X-Xss-Protection: 1; mode=block
X-Content-Type-Options: nosniff
X-Download-Options: noopen
X-Permitted-Cross-Domain-Policies: none
Referrer-Policy: strict-origin-when-cross-origin
Set-Cookie: ahoy_visit=c99e7a2d-9d40-49cb-b4e2-6e639fe6cc2e; path=/; expires=Fri, 05 Sep 2025 22:46:24 GMT; SameSite=Lax
Etag: W/"c8f0e1d6b9035557f6020d0ef7f11564"
Cache-Control: max-age=0, private, must-revalidate
Server-Timing: runtime;desc="Application Runtime";dur=93, requestId;desc="254cf2f3-3c12-4cd3-b9e2-3d839dc6f75d";dur=0
X-Request-Id: 254cf2f3-3c12-4cd3-b9e2-3d839dc6f75d
X-Runtime: 0.093214
Vary: Accept, Origin
Vary: accept-encoding
Strict-Transport-Security: max-age=31536000; includeSubDomains; preload
Cf-Cache-Status: DYNAMIC
Server: cloudflare
Cf-Ray: 97a7e3a1d9b45bce-TUN
Alt-Svc: h3=":443"; ma=86400

{"data":{"unifiedAdPlacement":[]}}]]></response>
    <comment></comment>
  </item>
</items>
